<?xml version="1.0" encoding="UTF-8"?>
<collection xmlns="http://www.loc.gov/MARC21/slim"
            xmlns:xsi="http://www.w3.org/2001/XMLSchema-instance"
            xmlns:marc="http://www.loc.gov/MARC21/slim"
            xmlns:oai="http://www.openarchives.org/OAI/2.0/"
            xsi:schemaLocation="http://www.loc.gov/MARC21/slim http://www.loc.gov/standards/marcxml/schema/MARC21slim.xsd">
  
  <record xsi:schemaLocation="http://www.loc.gov/MARC21/slim http://www.loc.gov/standards/marcxml/schema/MARC21slim.xsd">
      <leader>00000cam  2200433 i 4500</leader>
      <controlfield tag="FMT">BK</controlfield>
      <controlfield tag="LDR">00000cam  2200433 i 4500</controlfield>
      <controlfield tag="001">004164660</controlfield>
      <controlfield tag="003">OCoLC</controlfield>
      <controlfield tag="005">20150804155500.0</controlfield>
      <controlfield tag="008">150804t20152015gw a     b    100 0 eng c</controlfield>
      <datafield tag="020" ind1=" " ind2=" ">
         <subfield code="a">9783981484236</subfield>
      </datafield>
      <datafield tag="020" ind1=" " ind2=" ">
         <subfield code="a">3981484231</subfield>
      </datafield>
      <datafield tag="035" ind1=" " ind2=" ">
         <subfield code="a">(OCoLC)910881483</subfield>
      </datafield>
      <datafield tag="040" ind1=" " ind2=" ">
         <subfield code="a">CUS</subfield>
         <subfield code="b">eng</subfield>
         <subfield code="e">rda</subfield>
         <subfield code="c">CUS</subfield>
         <subfield code="d">CUS</subfield>
         <subfield code="d">TOZ</subfield>
         <subfield code="d">OCLCO</subfield>
         <subfield code="d">NNU</subfield>
      </datafield>
      <datafield tag="042" ind1=" " ind2=" ">
         <subfield code="a">pcc</subfield>
      </datafield>
      <datafield tag="043" ind1=" " ind2=" ">
         <subfield code="a">aw-----</subfield>
      </datafield>
      <datafield tag="050" ind1=" " ind2="4">
         <subfield code="a">HD4844</subfield>
         <subfield code="b">.I58 2005</subfield>
      </datafield>
      <datafield tag="050" ind1=" " ind2="4">
         <subfield code="a">HD4844</subfield>
         <subfield code="b">.L33 2005</subfield>
      </datafield>
      <datafield tag="111" ind1="2" ind2=" ">
         <subfield code="a">International Scholars Conference on Ancient Near Eastern Economies</subfield>
         <subfield code="d">(2005 :</subfield>
         <subfield code="c">Hirschbach, Germany)</subfield>
      </datafield>
      <datafield tag="245" ind1="1" ind2="0">
         <subfield code="a">Labor in the ancient world :</subfield>
         <subfield code="b">a colloquium held at Hirschbach (Saxony), April 2005 /</subfield>
         <subfield code="c">edited by Piotr Steinkeller, Michael Hudson.</subfield>
      </datafield>
      <datafield tag="264" ind1=" " ind2="1">
         <subfield code="a">Dresden :</subfield>
         <subfield code="b">ISLET,</subfield>
         <subfield code="c">[2015]</subfield>
      </datafield>
      <datafield tag="264" ind1=" " ind2="4">
         <subfield code="c">©2015</subfield>
      </datafield>
      <datafield tag="300" ind1=" " ind2=" ">
         <subfield code="a">664 pages :</subfield>
         <subfield code="b">black &amp; white illustrations ;</subfield>
         <subfield code="c">23 cm.</subfield>
      </datafield>
      <datafield tag="336" ind1=" " ind2=" ">
         <subfield code="a">text</subfield>
         <subfield code="b">txt</subfield>
         <subfield code="2">rdacontent</subfield>
      </datafield>
      <datafield tag="337" ind1=" " ind2=" ">
         <subfield code="a">unmediated</subfield>
         <subfield code="b">n</subfield>
         <subfield code="2">rdamedia</subfield>
      </datafield>
      <datafield tag="338" ind1=" " ind2=" ">
         <subfield code="a">volume</subfield>
         <subfield code="b">nc</subfield>
         <subfield code="2">rdacarrier</subfield>
      </datafield>
      <datafield tag="490" ind1="1" ind2=" ">
         <subfield code="a">International Scholars Conference on Ancient Near Eastern Economies ;</subfield>
         <subfield code="v">volume 5</subfield>
      </datafield>
      <datafield tag="504" ind1=" " ind2=" ">
         <subfield code="a">Includes bibliographical references.</subfield>
      </datafield>
      <datafield tag="505" ind1="0" ind2="0">
         <subfield code="g">Introduction : labor in the early states : an early Mesopotamian perspective /</subfield>
         <subfield code="r">Piotr Steinkeller --</subfield>
         <subfield code="t">Labor, social formation, and the Neolithic revolution /</subfield>
         <subfield code="r">C.C. Lamberg-Karlovsky --</subfield>
         <subfield code="t">Home and work in early Bronze Age Mesopotamia : "ration lists" and "private houses" at Tell Beydar/Nadaba /</subfield>
         <subfield code="r">Walther Sallaberger and Alexander Pruß --</subfield>
         <subfield code="t">The employment of labor on national building projects in the Ur III period /</subfield>
         <subfield code="r">Piotr Steinkeller --</subfield>
         <subfield code="t">Building Larsa : labor value, scale and scope-of-economy in Ancient Mesopotamia /</subfield>
         <subfield code="r">Seth Richardson --</subfield>
         <subfield code="t">Hired labor in the Neo-Assyrian Empire /</subfield>
         <subfield code="r">Karen Radner --</subfield>
         <subfield code="t">Labor in Babylonia in the first millennium BC /</subfield>
         <subfield code="r">Michael Jursa --</subfield>
         <subfield code="t">Labor and the pyramids : the Heith el-Ghurab "workers town" at Giza /</subfield>
         <subfield code="r">Mark Lehner --</subfield>
         <subfield code="t">Problems of authority, compulsion, and compensation in Ancient Egyptian labor practices /</subfield>
         <subfield code="r">Ogden Goelet --</subfield>
         <subfield code="t">Labor and individuals in Late Bronze Age Pylos /</subfield>
         <subfield code="r">Dimitri Nakassis --</subfield>
         <subfield code="t">The Mycenaean mobilization of labor in agriculture and building projects : institutions, individuals, compensation, and status in the Linear B tablets /</subfield>
         <subfield code="r">Tom Palaima --</subfield>
         <subfield code="t">How the organization of labor shaped civilization's takeoff /</subfield>
         <subfield code="r">Michael Hudson.</subfield>
      </datafield>
      <datafield tag="650" ind1=" " ind2="0">
         <subfield code="a">Labor</subfield>
         <subfield code="z">Middle East</subfield>
         <subfield code="x">History</subfield>
         <subfield code="y">To 1500</subfield>
         <subfield code="v">Congresses.</subfield>
      </datafield>
      <datafield tag="650" ind1=" " ind2="0">
         <subfield code="a">Working class</subfield>
         <subfield code="z">Middle East</subfield>
         <subfield code="x">History</subfield>
         <subfield code="y">To 1500</subfield>
         <subfield code="v">Congresses.</subfield>
      </datafield>
      <datafield tag="651" ind1=" " ind2="0">
         <subfield code="a">Middle East</subfield>
         <subfield code="x">Antiquities</subfield>
         <subfield code="v">Congresses.</subfield>
      </datafield>
      <datafield tag="651" ind1=" " ind2="0">
         <subfield code="a">Middle East</subfield>
         <subfield code="x">Economic conditions</subfield>
         <subfield code="v">Congresses.</subfield>
      </datafield>
      <datafield tag="700" ind1="1" ind2=" ">
         <subfield code="a">Steinkeller, Piotr,</subfield>
         <subfield code="e">editor.</subfield>
      </datafield>
      <datafield tag="700" ind1="1" ind2=" ">
         <subfield code="a">Hudson, Michael,</subfield>
         <subfield code="d">1939-</subfield>
         <subfield code="e">editor.</subfield>
      </datafield>
      <datafield tag="830" ind1=" " ind2="0">
         <subfield code="a">International Scholars Conference on Ancient Near Eastern Economies (Series) ;</subfield>
         <subfield code="v">v. 5.</subfield>
      </datafield>
      <datafield tag="994" ind1=" " ind2=" ">
         <subfield code="a">Z0</subfield>
         <subfield code="b">ZYU</subfield>
      </datafield>
      <datafield tag="OWN" ind1=" " ind2=" ">
         <subfield code="a">GENERAL</subfield>
      </datafield>
      <datafield tag="AVA" ind1=" " ind2=" ">
         <subfield code="a">NYU50</subfield>
         <subfield code="b">NISAW</subfield>
         <subfield code="c">Small Collection</subfield>
         <subfield code="d">HD4844 .I58 2005</subfield>
         <subfield code="e">available</subfield>
         <subfield code="t">Available</subfield>
         <subfield code="f">1</subfield>
         <subfield code="g">0</subfield>
         <subfield code="h">N</subfield>
         <subfield code="i">0</subfield>
         <subfield code="j">SMALL</subfield>
         <subfield code="k">0</subfield>
      </datafield>
      <marc:datafield tag="852" ind1=" " ind2=" ">
         <marc:subfield code="b">Institute for the Study of the Ancient World, </marc:subfield>
         <marc:subfield code="c">Small Collection</marc:subfield>
         <marc:subfield code="e">15 East 84th St., </marc:subfield>
         <marc:subfield code="e">New York, NY  10028</marc:subfield>
      </marc:datafield>
   </record>