
  
  
  
  
  
  
  
  
 
  
  <record xsi:schemaLocation="http://www.loc.gov/MARC21/slim http://www.loc.gov/standards/marcxml/schema/MARC21slim.xsd">
      <leader>00000cam  2200385 i 4500</leader>
      <controlfield tag="FMT">BK</controlfield>
      <controlfield tag="LDR">00000cam  2200385 i 4500</controlfield>
      <controlfield tag="001">004165732</controlfield>
      <controlfield tag="003">OCoLC</controlfield>
      <controlfield tag="005">20150810164201.0</controlfield>
      <controlfield tag="008">150810m19549999enkabe   b    001 0 eng d</controlfield>
      <datafield tag="035" ind1=" " ind2=" ">
         <subfield code="a">(OCoLC)3742485</subfield>
      </datafield>
      <datafield tag="040" ind1=" " ind2=" ">
         <subfield code="a">MST</subfield>
         <subfield code="b">eng</subfield>
         <subfield code="c">MST</subfield>
         <subfield code="d">OCL</subfield>
         <subfield code="d">YSM</subfield>
         <subfield code="d">OCLCQ</subfield>
         <subfield code="d">OCLCG</subfield>
         <subfield code="d">TLE</subfield>
         <subfield code="d">OCLCQ</subfield>
         <subfield code="d">OCLCF</subfield>
         <subfield code="d">OCLCO</subfield>
         <subfield code="d">OCLCQ</subfield>
         <subfield code="d">OCLCO</subfield>
         <subfield code="d">NNU</subfield>
      </datafield>
      <datafield tag="050" ind1="1" ind2="4">
         <subfield code="a">D57</subfield>
         <subfield code="b">.C25 1954</subfield>
      </datafield>
      <datafield tag="082" ind1="0" ind2="4">
         <subfield code="a">930</subfield>
      </datafield>
      <datafield tag="245" ind1="0" ind2="4">
         <subfield code="a">The Cambridge ancient history /</subfield>
         <subfield code="c">edited by J.B. Bury, S.A. Cook, F.E. Adcock.</subfield>
      </datafield>
      <datafield tag="260" ind1=" " ind2=" ">
         <subfield code="a">Cambridge, Eng. :</subfield>
         <subfield code="b">University Press,</subfield>
         <subfield code="c">1954-</subfield>
      </datafield>
      <datafield tag="300" ind1=" " ind2=" ">
         <subfield code="a">volumes :</subfield>
         <subfield code="b">illustrations, maps (some folded) folded plans, folded tables ;</subfield>
         <subfield code="c">24 cm</subfield>
      </datafield>
      <datafield tag="336" ind1=" " ind2=" ">
         <subfield code="a">text</subfield>
         <subfield code="b">txt</subfield>
         <subfield code="2">rdacontent</subfield>
      </datafield>
      <datafield tag="337" ind1=" " ind2=" ">
         <subfield code="a">unmediated</subfield>
         <subfield code="b">n</subfield>
         <subfield code="2">rdamedia</subfield>
      </datafield>
      <datafield tag="338" ind1=" " ind2=" ">
         <subfield code="a">volume</subfield>
         <subfield code="b">nc</subfield>
         <subfield code="2">rdacarrier</subfield>
      </datafield>
      <datafield tag="500" ind1=" " ind2=" ">
         <subfield code="a">Vol. 7-11 edited by by S.A. Cook, F.E. Adcock, and M.P. Charlesworth; v. 12, by S.A. Cook, F.E. Adcock, M.P. Charlesworth and N.H. Baynes.</subfield>
      </datafield>
      <datafield tag="504" ind1=" " ind2=" ">
         <subfield code="a">Bibliography at end of each volume.</subfield>
      </datafield>
      <datafield tag="505" ind1="0" ind2="0">
         <subfield code="g">v. 3.</subfield>
         <subfield code="t">The Assyrian empire --</subfield>
         <subfield code="g">v. 4.</subfield>
         <subfield code="t">The Persian empire and the West --</subfield>
         <subfield code="g">v. 5.</subfield>
         <subfield code="t">Athens, 478-401 B.C. --</subfield>
         <subfield code="g">v. 6.</subfield>
         <subfield code="t">Macedon, 401-301 B.C. --</subfield>
         <subfield code="g">v. 7.</subfield>
         <subfield code="t">The Hellenistic monarchies and the rise of Rome, --</subfield>
         <subfield code="g">v. 8.</subfield>
         <subfield code="t">Rome and the Mediterranean, 218-133 B.C. --</subfield>
         <subfield code="g">v. 9.</subfield>
         <subfield code="t">The Roman republic, 133-44 B.C. --</subfield>
         <subfield code="g">v. 10.</subfield>
         <subfield code="t">The Augustan empire, 44 B.C.-A.D. 70 --</subfield>
         <subfield code="g">v. 11.</subfield>
         <subfield code="t">The imperial peace, A.D. 70-192 --</subfield>
         <subfield code="g">v. 12.</subfield>
         <subfield code="t">The imperial crisis and recovery, A.D. 193-324.</subfield>
      </datafield>
      <datafield tag="500" ind1=" " ind2=" ">
         <subfield code="a">V, 2-12 volume of plates ; prepared by C.T. Seltman.</subfield>
      </datafield>
      <datafield tag="650" ind1=" " ind2="0">
         <subfield code="a">History, Ancient.</subfield>
      </datafield>
      <datafield tag="650" ind1=" " ind2="7">
         <subfield code="a">History, Ancient.</subfield>
         <subfield code="2">fast</subfield>
         <subfield code="0">(OCoLC)fst00958352</subfield>
      </datafield>
      <datafield tag="700" ind1="1" ind2=" ">
         <subfield code="a">Bury, J. B.</subfield>
         <subfield code="q">(John Bagnell),</subfield>
         <subfield code="d">1861-1927,</subfield>
         <subfield code="e">editor.</subfield>
      </datafield>
      <datafield tag="700" ind1="1" ind2=" ">
         <subfield code="a">Cook, Stanley Arthur,</subfield>
         <subfield code="d">1873-1949,</subfield>
         <subfield code="e">editor.</subfield>
      </datafield>
      <datafield tag="700" ind1="1" ind2=" ">
         <subfield code="a">Adcock, F. E.</subfield>
         <subfield code="q">(Frank E.),</subfield>
         <subfield code="d">1886-1968,</subfield>
         <subfield code="e">editor.</subfield>
      </datafield>
      <datafield tag="700" ind1="1" ind2=" ">
         <subfield code="a">Charlesworth, M. P.</subfield>
         <subfield code="q">(Martin Percival),</subfield>
         <subfield code="d">1895-1950,</subfield>
         <subfield code="e">editor.</subfield>
      </datafield>
      <datafield tag="700" ind1="1" ind2=" ">
         <subfield code="a">Baynes, Norman Hepburn,</subfield>
         <subfield code="d">1877-1961,</subfield>
         <subfield code="e">editor.</subfield>
      </datafield>
      <datafield tag="700" ind1="1" ind2=" ">
         <subfield code="a">Seltman, Charles Theodore,</subfield>
         <subfield code="d">1886-1957.</subfield>
      </datafield>
      <datafield tag="994" ind1=" " ind2=" ">
         <subfield code="a">Z0</subfield>
         <subfield code="b">ZYU</subfield>
      </datafield>
      <datafield tag="OWN" ind1=" " ind2=" ">
         <subfield code="a">GENERAL</subfield>
      </datafield>
      <datafield tag="AVA" ind1=" " ind2=" ">
         <subfield code="a">NYU50</subfield>
         <subfield code="b">NISAW</subfield>
         <subfield code="c">Small Collection</subfield>
         <subfield code="d">D57 .C25 1954</subfield>
         <subfield code="e">available</subfield>
         <subfield code="t">Available</subfield>
         <subfield code="f">6</subfield>
         <subfield code="g">0</subfield>
         <subfield code="h">Y</subfield>
         <subfield code="i">0</subfield>
         <subfield code="j">SMALL</subfield>
         <subfield code="k">0</subfield>
      </datafield>
      <marc:datafield tag="852" ind1=" " ind2=" ">
         <marc:subfield code="b">Institute for the Study of the Ancient World, </marc:subfield>
         <marc:subfield code="c">Small Collection</marc:subfield>
         <marc:subfield code="e">15 East 84th St., </marc:subfield>
         <marc:subfield code="e">New York, NY  10028</marc:subfield>
      </marc:datafield>
   </record>