
  
  
  
  
  
 
  
  <record xsi:schemaLocation="http://www.loc.gov/MARC21/slim http://www.loc.gov/standards/marcxml/schema/MARC21slim.xsd">
      <leader>00000cam  2200625 i 4500</leader>
      <controlfield tag="FMT">BK</controlfield>
      <controlfield tag="LDR">00000cam  2200625 i 4500</controlfield>
      <controlfield tag="001">004166405</controlfield>
      <controlfield tag="003">OCoLC</controlfield>
      <controlfield tag="005">20150811153031.0</controlfield>
      <controlfield tag="008">150811s2013    cc ab    b    000 0 chi d</controlfield>
      <datafield tag="010" ind1=" " ind2=" ">
         <subfield code="a">2014487269</subfield>
      </datafield>
      <datafield tag="020" ind1=" " ind2=" ">
         <subfield code="a">9787501038008</subfield>
      </datafield>
      <datafield tag="020" ind1=" " ind2=" ">
         <subfield code="a">7501038007</subfield>
      </datafield>
      <datafield tag="035" ind1=" " ind2=" ">
         <subfield code="a">(OCoLC)863033904</subfield>
      </datafield>
      <datafield tag="040" ind1=" " ind2=" ">
         <subfield code="a">BCBTC</subfield>
         <subfield code="b">eng</subfield>
         <subfield code="e">rda</subfield>
         <subfield code="c">BCBTC</subfield>
         <subfield code="d">DLC</subfield>
         <subfield code="d">YUS</subfield>
         <subfield code="d">OCLCF</subfield>
         <subfield code="d">ZYU</subfield>
         <subfield code="d">NNU</subfield>
      </datafield>
      <datafield tag="041" ind1="0" ind2=" ">
         <subfield code="a">chi</subfield>
         <subfield code="b">eng</subfield>
         <subfield code="f">eng</subfield>
      </datafield>
      <datafield tag="042" ind1=" " ind2=" ">
         <subfield code="a">lccopycat</subfield>
      </datafield>
      <datafield tag="043" ind1=" " ind2=" ">
         <subfield code="a">a-cc---</subfield>
      </datafield>
      <datafield tag="050" ind1="0" ind2="0">
         <subfield code="a">DS715</subfield>
         <subfield code="b">.S512 2013</subfield>
      </datafield>
      <datafield tag="066" ind1=" " ind2=" ">
         <subfield code="c">$1</subfield>
      </datafield>
      <datafield tag="245" ind1="0" ind2="0">
         <subfield code="6">880-01</subfield>
         <subfield code="a">She hui ke xue zhuan ji.</subfield>
         <subfield code="n">I,</subfield>
         <subfield code="p">Kao gu diao cha yu wen xian yan jiu /</subfield>
         <subfield code="c">Zhongguo wen hua yi chan yan jiu yuan bian.</subfield>
      </datafield>
      <datafield tag="246" ind1="3" ind2="0">
         <subfield code="6">880-02</subfield>
         <subfield code="a">Kao gu diao cha yu wen xian yan jiu</subfield>
      </datafield>
      <datafield tag="250" ind1=" " ind2=" ">
         <subfield code="6">880-03</subfield>
         <subfield code="a">Di 1 ban.</subfield>
      </datafield>
      <datafield tag="264" ind1=" " ind2="1">
         <subfield code="6">880-04</subfield>
         <subfield code="a">Beijing Shi :</subfield>
         <subfield code="b">Wen wu chu ban she,</subfield>
         <subfield code="c">2013.</subfield>
      </datafield>
      <datafield tag="300" ind1=" " ind2=" ">
         <subfield code="a">4, 290 pages :</subfield>
         <subfield code="b">illustrations, maps ;</subfield>
         <subfield code="c">29 cm</subfield>
      </datafield>
      <datafield tag="336" ind1=" " ind2=" ">
         <subfield code="a">text</subfield>
         <subfield code="b">txt</subfield>
         <subfield code="2">rdacontent</subfield>
      </datafield>
      <datafield tag="337" ind1=" " ind2=" ">
         <subfield code="a">unmediated</subfield>
         <subfield code="b">n</subfield>
         <subfield code="2">rdamedia</subfield>
      </datafield>
      <datafield tag="338" ind1=" " ind2=" ">
         <subfield code="a">volume</subfield>
         <subfield code="b">nc</subfield>
         <subfield code="2">rdacarrier</subfield>
      </datafield>
      <datafield tag="490" ind1="0" ind2=" ">
         <subfield code="6">880-05</subfield>
         <subfield code="a">Zhong yang ji gong yi xing ke yan yuan suo ji ben ke yan ye wu zhuan xiang cheng guo cong shu. 2013 nian</subfield>
      </datafield>
      <datafield tag="546" ind1=" " ind2=" ">
         <subfield code="a">Chinese with preface, table of contents, and abstracts also in English.</subfield>
      </datafield>
      <datafield tag="504" ind1=" " ind2=" ">
         <subfield code="a">Includes bibliographical references.</subfield>
      </datafield>
      <datafield tag="505" ind1="0" ind2="0">
         <subfield code="6">880-06</subfield>
         <subfield code="t">Lingjiatan yi zhi ji qu zhou bian huan jing diao cha xin shou huo /</subfield>
         <subfield code="r">Ding Jianxiang, Suo Zhi --</subfield>
         <subfield code="t">Si chou zhi lu gu cheng zhi diao cha yu yan jiu /</subfield>
         <subfield code="r">Wang Yuanlin --</subfield>
         <subfield code="t">Chang cheng zi yuan fen bu yu zou xiang yao gan pan bie fang fa yan jiu /</subfield>
         <subfield code="r">Wang Chenli --</subfield>
         <subfield code="t">Dayun He Huaian duan yi chan ben ti diao cha fang fa yan jiu /</subfield>
         <subfield code="r">Yu Bing, Gu Jun, Ding Jianxiang, Xi Xuesong --</subfield>
         <subfield code="t">Kao gu jian li shi jian zong jie yu gui fan tan suo yan jiu /</subfield>
         <subfield code="r">Wang Yuanlin --</subfield>
         <subfield code="t">Qin Han jian bo mai cang de kao gu xue guan cha /</subfield>
         <subfield code="r">Yu Jianli --</subfield>
         <subfield code="t">Zoumalou Wu jian Sun Wu Fu shui shi liao yan jiu /</subfield>
         <subfield code="r">Yang Xiaoliang --</subfield>
         <subfield code="t">Changsha Wu yi guang chang chu tu Dong Han jian du yu yan jiu /</subfield>
         <subfield code="r">Yang Xiaoliang --</subfield>
         <subfield code="t">Ming Jiuzhen Changcheng li shi wen shi xian ji kao gu zi liao yan jiu /</subfield>
         <subfield code="r">Liu Wenyan, Yu Chunlei --</subfield>
         <subfield code="t">Nan Hai zhu dao kao gu wen xian zong shu /</subfield>
         <subfield code="r">Fang Yiran, Liang Guoqing, Huang Chao.</subfield>
      </datafield>
      <datafield tag="650" ind1=" " ind2="0">
         <subfield code="a">Archaeology</subfield>
         <subfield code="z">China.</subfield>
      </datafield>
      <datafield tag="651" ind1=" " ind2="0">
         <subfield code="a">China</subfield>
         <subfield code="x">Antiquities.</subfield>
      </datafield>
      <datafield tag="650" ind1=" " ind2="7">
         <subfield code="a">Antiquities.</subfield>
         <subfield code="2">fast</subfield>
         <subfield code="0">(OCoLC)fst00810745</subfield>
      </datafield>
      <datafield tag="650" ind1=" " ind2="7">
         <subfield code="a">Archaeology.</subfield>
         <subfield code="2">fast</subfield>
         <subfield code="0">(OCoLC)fst00812938</subfield>
      </datafield>
      <datafield tag="651" ind1=" " ind2="7">
         <subfield code="a">China.</subfield>
         <subfield code="2">fast</subfield>
         <subfield code="0">(OCoLC)fst01206073</subfield>
      </datafield>
      <datafield tag="700" ind1="1" ind2="2">
         <subfield code="6">880-07</subfield>
         <subfield code="a">Ding, Jianxiang.</subfield>
         <subfield code="t">Lingjiatan yi zhi ji qi zhou bian huan jing diao cha xin shou huo.</subfield>
      </datafield>
      <datafield tag="710" ind1="2" ind2=" ">
         <subfield code="6">880-08</subfield>
         <subfield code="a">Zhongguo wen hua yi chan yan jiu yuan,</subfield>
         <subfield code="e">editor.</subfield>
      </datafield>
      <datafield tag="880" ind1="0" ind2="0">
         <subfield code="6">245-01/</subfield>
         <subfield code="a">社会科学专辑.</subfield>
         <subfield code="n">I,</subfield>
         <subfield code="p">考古调查与文献研究 /</subfield>
         <subfield code="c">中国文化遗产研究院编.</subfield>
      </datafield>
      <datafield tag="880" ind1="3" ind2="0">
         <subfield code="6">246-02/</subfield>
         <subfield code="a">考古调查与文献研究</subfield>
      </datafield>
      <datafield tag="880" ind1=" " ind2=" ">
         <subfield code="6">250-03/</subfield>
         <subfield code="a">第1版.</subfield>
      </datafield>
      <datafield tag="880" ind1=" " ind2="1">
         <subfield code="6">264-04/</subfield>
         <subfield code="a">北京市 :</subfield>
         <subfield code="b">文物出版社,</subfield>
         <subfield code="c">2013.</subfield>
      </datafield>
      <datafield tag="880" ind1="0" ind2=" ">
         <subfield code="6">490-05/</subfield>
         <subfield code="a">中央级公益性科研院所基本科研业务专项成果丛书・2013年</subfield>
      </datafield>
      <datafield tag="880" ind1="0" ind2="0">
         <subfield code="6">505-06/</subfield>
         <subfield code="t">凌家滩遗址及其周边环境调查新收获 /</subfield>
         <subfield code="r">丁见祥, 朔知 --</subfield>
         <subfield code="t">丝绸之路古城址调查与研究 /</subfield>
         <subfield code="r">王元林 --</subfield>
         <subfield code="t">长城资源分布与走向遥感判别方法研究 /</subfield>
         <subfield code="r">王臣立 --</subfield>
         <subfield code="t">大运河淮安段遗产本体调查方法研究 /</subfield>
         <subfield code="r">于冰, 顾军, 丁见祥, 奚雪松 --</subfield>
         <subfield code="t">考古监理实践总结与规范探索研究 /</subfield>
         <subfield code="r">王元林 --</subfield>
         <subfield code="t">秦汉简帛埋藏的考古学观察 /</subfield>
         <subfield code="r">余建立 --</subfield>
         <subfield code="t">走马楼吴简孙吴赋稅史料研究 /</subfield>
         <subfield code="r">杨小亮 --</subfield>
         <subfield code="t">长沙五一广场出土东汉简牍预研究 /</subfield>
         <subfield code="r">杨小亮 --</subfield>
         <subfield code="t">明九镇长城历史文史献及考古资料研究 /</subfield>
         <subfield code="r">刘文艳, 于春雷 --</subfield>
         <subfield code="t">南海诸岛考古文献综述 /</subfield>
         <subfield code="r">范伊然, 梁国庆, 黄超.</subfield>
      </datafield>
      <datafield tag="880" ind1="1" ind2="2">
         <subfield code="6">700-07/</subfield>
         <subfield code="a">丁见祥.</subfield>
         <subfield code="t">凌家滩遗址及其周边环境调查新收获.</subfield>
      </datafield>
      <datafield tag="880" ind1="2" ind2=" ">
         <subfield code="6">710-08/</subfield>
         <subfield code="a">中国文化遗产研究院,</subfield>
         <subfield code="e">editor.</subfield>
      </datafield>
      <datafield tag="994" ind1=" " ind2=" ">
         <subfield code="a">Z0</subfield>
         <subfield code="b">ZYU</subfield>
      </datafield>
      <datafield tag="OWN" ind1=" " ind2=" ">
         <subfield code="a">GENERAL</subfield>
      </datafield>
      <datafield tag="AVA" ind1=" " ind2=" ">
         <subfield code="a">NYU50</subfield>
         <subfield code="b">NISAW</subfield>
         <subfield code="c">Large Collection</subfield>
         <subfield code="d">DS719 .S512 2013</subfield>
         <subfield code="e">available</subfield>
         <subfield code="t">Available</subfield>
         <subfield code="f">1</subfield>
         <subfield code="g">0</subfield>
         <subfield code="h">N</subfield>
         <subfield code="i">0</subfield>
         <subfield code="j">LARGE</subfield>
         <subfield code="k">0</subfield>
      </datafield>
      <marc:datafield tag="852" ind1=" " ind2=" ">
         <marc:subfield code="b">Institute for the Study of the Ancient World, </marc:subfield>
         <marc:subfield code="c">Large Collection</marc:subfield>
         <marc:subfield code="e">15 East 84th St., </marc:subfield>
         <marc:subfield code="e">New York, NY  10028</marc:subfield>
      </marc:datafield>
   </record>