
  
  
  
  
 
  
  <record xsi:schemaLocation="http://www.loc.gov/MARC21/slim http://www.loc.gov/standards/marcxml/schema/MARC21slim.xsd">
      <leader>00000cam  2200517 a 4500</leader>
      <controlfield tag="FMT">BK</controlfield>
      <controlfield tag="LDR">00000cam  2200517 a 4500</controlfield>
      <controlfield tag="001">004165762</controlfield>
      <controlfield tag="003">OCoLC</controlfield>
      <controlfield tag="005">20150812150935.0</controlfield>
      <controlfield tag="008">150811s2010    cc ab    b    100 0 chi d</controlfield>
      <datafield tag="020" ind1=" " ind2=" ">
         <subfield code="a">9787501030392</subfield>
      </datafield>
      <datafield tag="020" ind1=" " ind2=" ">
         <subfield code="a">7501030391</subfield>
      </datafield>
      <datafield tag="035" ind1=" " ind2=" ">
         <subfield code="a">(OCoLC)714144255</subfield>
         <subfield code="z">(OCoLC)722384342</subfield>
         <subfield code="z">(OCoLC)755872209</subfield>
      </datafield>
      <datafield tag="040" ind1=" " ind2=" ">
         <subfield code="a">CUT</subfield>
         <subfield code="c">CUT</subfield>
         <subfield code="d">WAU</subfield>
         <subfield code="d">CUV</subfield>
         <subfield code="d">OCLCO</subfield>
         <subfield code="d">OCLCF</subfield>
         <subfield code="d">ZYU</subfield>
         <subfield code="d">NNU</subfield>
      </datafield>
      <datafield tag="043" ind1=" " ind2=" ">
         <subfield code="a">a-cc---</subfield>
      </datafield>
      <datafield tag="050" ind1=" " ind2="4">
         <subfield code="a">DS715</subfield>
         <subfield code="b">.C5367 2009</subfield>
      </datafield>
      <datafield tag="066" ind1=" " ind2=" ">
         <subfield code="c">$1</subfield>
      </datafield>
      <datafield tag="110" ind1="2" ind2=" ">
         <subfield code="6">880-01</subfield>
         <subfield code="a">Zhongguo kao gu xue hui.</subfield>
         <subfield code="b">Nian hui</subfield>
         <subfield code="n">(12th :</subfield>
         <subfield code="d">2009 :</subfield>
         <subfield code="c">Haerbin, China)</subfield>
      </datafield>
      <datafield tag="245" ind1="1" ind2="0">
         <subfield code="6">880-02</subfield>
         <subfield code="a">Zhongguo kao gu xue hui di shi er ci nian hui lun wen ji.</subfield>
         <subfield code="n">2009 /</subfield>
         <subfield code="c">Zhongguo kao gu xue hui bian ; [Zhu Naicheng zhu bian].</subfield>
      </datafield>
      <datafield tag="246" ind1="3" ind2=" ">
         <subfield code="6">880-03</subfield>
         <subfield code="a">Zhongguo kao gu xue hui di 12 ci nian hui lun wen ji, 2009</subfield>
      </datafield>
      <datafield tag="250" ind1=" " ind2=" ">
         <subfield code="6">880-04</subfield>
         <subfield code="a">Di 1 ban.</subfield>
      </datafield>
      <datafield tag="260" ind1=" " ind2=" ">
         <subfield code="6">880-05</subfield>
         <subfield code="a">Beijing Shi :</subfield>
         <subfield code="b">Wen wu chu ban she,</subfield>
         <subfield code="c">2010.</subfield>
      </datafield>
      <datafield tag="300" ind1=" " ind2=" ">
         <subfield code="a">[2], 376 p. :</subfield>
         <subfield code="b">ill., maps ;</subfield>
         <subfield code="c">26 cm.</subfield>
      </datafield>
      <datafield tag="504" ind1=" " ind2=" ">
         <subfield code="a">Includes bibliographical references.</subfield>
      </datafield>
      <datafield tag="520" ind1=" " ind2=" ">
         <subfield code="6">880-06</subfield>
         <subfield code="a">Zhongguo kao gu xue hui di 12 ci nian hui yu 2009 nian hui yu 2009 nian 8 yue 11 ri zhi 15 ri zai Haerbing zhao kai; hui yi de zhong xin yi ti shi "Dongbei kao gu he kao gu xue wen hua qu, xi, lei xing li lun yu shi jian." Ben shu shou lu lun wen 32 pian.</subfield>
      </datafield>
      <datafield tag="505" ind1="0" ind2="0">
         <subfield code="6">880-07</subfield>
         <subfield code="t">Qu xi lei xing li lun dui Zhongguo ji shi qi shi dai kao gu xue de ying xiang /</subfield>
         <subfield code="r">Dui Shuisheng --</subfield>
         <subfield code="t">Lun Xinglongwa wen hua de jing ji xing tai ji qi you guan de ji ge wen ti /</subfield>
         <subfield code="r">Zhu Naicheng --</subfield>
         <subfield code="t">Dongbei yu lie xing xin shi qi shi dai wen hua de ge an : Jilin Tongyu Changtuozi III hao di dian xi shi qi de fa xian yu yan jiu /</subfield>
         <subfield code="r">Zhao Hailong, Wang Lixin, Xia Hongyu, Wang Chunquan --</subfield>
         <subfield code="t">Xinel yi zhi zai Dongbei Diqu shi qian wen hua qu xi kao gu xue wen hua yan jiu zhong de di wei /</subfield>
         <subfield code="r">Zhou Yangsheng --</subfield>
         <subfield code="t">Xiaodongshan yi zhi xin shi qi wen hua tao qi fen qi ji xiang guan wen ti /</subfield>
         <subfield code="r">Zhang Xingde --</subfield>
         <subfield code="t">Dongbei Diqu shi qian yu qi de bian nian ji xiang guan wen ti /</subfield>
         <subfield code="r">Yang Jing --</subfield>
         <subfield code="t">Yu diao long he gou yun xing yu qi gou tu de zhan shi fang shi de chu bu yan jiu /</subfield>
         <subfield code="r">Fang Xiangming --</subfield>
         <subfield code="t">Gong wu wang gong wu jian ming wen kao shi /</subfield>
         <subfield code="r">Cao Jinyan --</subfield>
         <subfield code="t">Dongbei qing tong shi dia qu xi kao gu xue wen hua lun gang /</subfield>
         <subfield code="r">Zhu Yonggang --</subfield>
         <subfield code="t">Dong Liao He xia you qing tong shi dai wen hua chu tan /</subfield>
         <subfield code="r">Liang Huili --</subfield>
         <subfield code="t">Lün lun Zhongguo nong ye wen hua yu mu ye wen hua fa zhan mo shi yu yanh jiu fang fa de cha yi /</subfield>
         <subfield code="r">Yang Jianhua --</subfield>
         <subfield code="t">Han dai Songhua Jiang zhong shang you zhu hou de wen hua jiao liu ji Fuyu wen hua yi cun de ji ben nei han yu te zheng /</subfield>
         <subfield code="r">Dong Xuezeng</subfield>
      </datafield>
      <datafield tag="505" ind1="0" ind2="0">
         <subfield code="6">880-08</subfield>
         <subfield code="t">Xianbei she hui Han hua guo cheng de kao gu xue guan cha /</subfield>
         <subfield code="r">Xu Ji, Liu Jiayu --</subfield>
         <subfield code="t">Bohai Shangjing Cheng yan jiu bu yi /</subfield>
         <subfield code="r">Zhao Hongguang --</subfield>
         <subfield code="t">Bohai mu zang lei xing yan jiu /</subfield>
         <subfield code="r">Wang Zhigang --</subfield>
         <subfield code="t">Bohai wa dang wen shi de wen hua yin su fen xi /</subfield>
         <subfield code="r">Song Yubing --</subfield>
         <subfield code="t">Gaogouli tie qi nei han de qi shi: "Sheng tie lin kou" gong yi tan tao /</subfield>
         <subfield code="r">Jia Ying --</subfield>
         <subfield code="t">Liao mu yue wu tu xiang yan jiu /</subfield>
         <subfield code="r">Mei Pengyun --</subfield>
         <subfield code="t">Zhejiang zao qi xin shi qi wen hua gai lüe ji chu bu ren shi /</subfield>
         <subfield code="r">Jiang Yueping --</subfield>
         <subfield code="t">Shangdong Bandao zao qi nong ye yan jiu xin jing zhan /</subfield>
         <subfield code="r">Jin Guiyunk Wang Yuqian, Wu Wenwan, Wang Hiayu --</subfield>
         <subfield code="t">Gang Qing di qu xin shi qi shi dai kao gu xue wen hua pu xi zi yan jiu /</subfield>
         <subfield code="r">Yan Weiqing --</subfield>
         <subfield code="t">Chang Jiang zhong you xin shi qi shi dai sheng ji lei xing qu yu de xing cheng yu sheng tai huang jin de guan xi /</subfield>
         <subfield code="r">Da Haobo --</subfield>
         <subfield code="t">Chengtoushan Daxi wen hua si qi ji xiang guan yi cun xing zhi bian xi /</subfield>
         <subfield code="r">Guo Weimin --</subfield>
         <subfield code="t">Guangxi xin shi qi shi dai kao gu xue wen hua de ji ben gou jia /</subfield>
         <subfield code="r">Li Zhen --</subfield>
         <subfield code="t">Hainan Dao shi qian zi ran huan jing he ren lei sheng huo xing tai tan tao /</subfield>
         <subfield code="r">Qiu Gang, Wang Mingzhong --</subfield>
         <subfield code="t">Hainan wen hua yu Baiyue wen hua /</subfield>
         <subfield code="r">Li Jilong, Hao Side</subfield>
      </datafield>
      <datafield tag="505" ind1="0" ind2="0">
         <subfield code="6">880-09</subfield>
         <subfield code="t">Hebei Xia Shang Zhou shi qi kao gu xue wen hua ge ju /</subfield>
         <subfield code="r">Han Lisen, Xu Haifeng --</subfield>
         <subfield code="t">Jiangxi qing tong wen hua te zheng /</subfield>
         <subfield code="r">Xu Changqing --</subfield>
         <subfield code="t">Dong Zhou kao gu fen qu yan jiu zong shu /</subfield>
         <subfield code="r">Liang Yun --</subfield>
         <subfield code="t">Guizhou Hezhangkele yi lei mu de fe nqi yu nian dai /</subfield>
         <subfield code="r">Zhang Herong --</subfield>
         <subfield code="t">6 shi ji zhi 7 shi ji de Sichuan zao xiang /</subfield>
         <subfield code="r">Wang Jianping, Lei Yuhua --</subfield>
         <subfield code="t">Dongnan tao ci de hai yang xing te zheng /</subfield>
         <subfield code="r">Wang Xintian.</subfield>
      </datafield>
      <datafield tag="651" ind1=" " ind2="0">
         <subfield code="a">China</subfield>
         <subfield code="x">Antiquities</subfield>
         <subfield code="v">Congresses.</subfield>
      </datafield>
      <datafield tag="650" ind1=" " ind2="7">
         <subfield code="a">Antiquities.</subfield>
         <subfield code="2">fast</subfield>
         <subfield code="0">(OCoLC)fst00810745</subfield>
      </datafield>
      <datafield tag="651" ind1=" " ind2="7">
         <subfield code="a">China.</subfield>
         <subfield code="2">fast</subfield>
         <subfield code="0">(OCoLC)fst01206073</subfield>
      </datafield>
      <datafield tag="655" ind1=" " ind2="7">
         <subfield code="a">Conference proceedings.</subfield>
         <subfield code="2">fast</subfield>
         <subfield code="0">(OCoLC)fst01423772</subfield>
      </datafield>
      <datafield tag="700" ind1="1" ind2=" ">
         <subfield code="6">880-10</subfield>
         <subfield code="a">Zhu, Naicheng.</subfield>
      </datafield>
      <datafield tag="710" ind1="2" ind2=" ">
         <subfield code="6">880-11</subfield>
         <subfield code="a">Zhongguo kao gu xue hui.</subfield>
      </datafield>
      <datafield tag="880" ind1="2" ind2=" ">
         <subfield code="6">110-01/</subfield>
         <subfield code="a">中国考古学会.</subfield>
         <subfield code="b">年会</subfield>
         <subfield code="n">(12th :</subfield>
         <subfield code="d">2009 :</subfield>
         <subfield code="c">哈尔滨, China)</subfield>
      </datafield>
      <datafield tag="880" ind1="1" ind2="0">
         <subfield code="6">245-02/</subfield>
         <subfield code="a">中国考古学会第十二次年会论文集.</subfield>
         <subfield code="n">2009 /</subfield>
         <subfield code="c">中国考古学会编 ; [朱乃诚主编].</subfield>
      </datafield>
      <datafield tag="880" ind1="3" ind2=" ">
         <subfield code="6">246-03/</subfield>
         <subfield code="a">中国考古学会第年12次年会论文集, 2009</subfield>
      </datafield>
      <datafield tag="880" ind1=" " ind2=" ">
         <subfield code="6">250-04/</subfield>
         <subfield code="a">第1版.</subfield>
      </datafield>
      <datafield tag="880" ind1=" " ind2=" ">
         <subfield code="6">260-05/</subfield>
         <subfield code="a">北京市 :</subfield>
         <subfield code="b">文物出版社,</subfield>
         <subfield code="c">2010.</subfield>
      </datafield>
      <datafield tag="880" ind1=" " ind2=" ">
         <subfield code="6">520-06/</subfield>
         <subfield code="a">中国考古学会第12次年会于2009年8月11日至15日在哈尔滨召开; 会议的中心议题是 "东北考古和考古学文化区、系、类型理论与实践." 本书收录了论文32篇。</subfield>
      </datafield>
      <datafield tag="880" ind1="0" ind2="0">
         <subfield code="6">505-07/</subfield>
         <subfield code="t">区系类型理论对中国旧石器时代考古学的影响 /</subfield>
         <subfield code="r">杜水生 --</subfield>
         <subfield code="t">论兴隆洼文化的经济形态及其有关的几个问题 /</subfield>
         <subfield code="r">朱乃诚 --</subfield>
         <subfield code="t">东北渔猎型新石器时代文化的个案 : 吉林通榆长坨子III点细石器的发现与研究 /</subfield>
         <subfield code="r">赵海龙, 王立新, 夏宏宇, 王春权 --</subfield>
         <subfield code="t">新乐遗址在东北地区史前文化区系考古学文化研究中的地位 /</subfield>
         <subfield code="r">周阳生 --</subfield>
         <subfield code="t">小东山遗址新石器文化陶器分期及相关问题 /</subfield>
         <subfield code="r">张星德 --</subfield>
         <subfield code="t">东北地区史前玉器的编年及相关问题 /</subfield>
         <subfield code="r">杨晶 --</subfield>
         <subfield code="t">玉雕龙和勾云形玉器构图和展示方式的初步研究 /</subfield>
         <subfield code="r">方向明 --</subfield>
         <subfield code="t">工吴王工吴剑铭文考释 /</subfield>
         <subfield code="r">曹锦炎 --</subfield>
         <subfield code="t">东北青铜时代区系考古学文化论纲 /</subfield>
         <subfield code="r">朱永刚 --</subfield>
         <subfield code="t">东辽河下游青铜时代文化初探 /</subfield>
         <subfield code="r">梁会丽 --</subfield>
         <subfield code="t">略论中国农业文化与牧业文化发展模式与研究方法的差异 /</subfield>
         <subfield code="r">杨建华 --</subfield>
         <subfield code="t">汉代松花江中上游诸族的文化交流及夫余文化遗存的基本内涵与特征 /</subfield>
         <subfield code="r">董学增</subfield>
      </datafield>
      <datafield tag="880" ind1="0" ind2="0">
         <subfield code="6">505-08/</subfield>
         <subfield code="t">鲜卑社会汉化过程的考古学考察 /</subfield>
         <subfield code="r">徐基, 刘嘉玉--</subfield>
         <subfield code="t">渤海上京城研究补遗 /</subfield>
         <subfield code="r">赵虹光 --</subfield>
         <subfield code="t">渤海墓葬类型研究 /</subfield>
         <subfield code="r">王志刚 --</subfield>
         <subfield code="t">渤海瓦当纹饰的文化因素分析 /</subfield>
         <subfield code="r">宋玉彬 --</subfield>
         <subfield code="t">高句丽铁器内涵的启示: "生铁淋口"工艺探讨 /</subfield>
         <subfield code="r">贾莹 --</subfield>
         <subfield code="t">辽墓乐舞图像研究 /</subfield>
         <subfield code="r">梅鹏云 --</subfield>
         <subfield code="t">浙江早期新石器时代文化概略及初步认识 /</subfield>
         <subfield code="r">蒋乐平 --</subfield>
         <subfield code="t">山东半岛早期农业研究新进展 /</subfield>
         <subfield code="r">靳桂云, 王育倩, 吴文婉, 王海玉 --</subfield>
         <subfield code="t">甘青地区新石器时代考古学文化谱系之研究 /</subfield>
         <subfield code="r">阎渭清 --</subfield>
         <subfield code="t">长江中游新石器时代生计类型区域的形成与生态环境的关系 /</subfield>
         <subfield code="r">笪浩波 --</subfield>
         <subfield code="t">城头山大溪文化四期及相关遗存性质辨析 /</subfield>
         <subfield code="r">郭伟民 --</subfield>
         <subfield code="t">广西新石器时代考古学文化的基本构架 /</subfield>
         <subfield code="r">李珍 --</subfield>
         <subfield code="t">海南岛史前自然环境和人类生活形态探讨 /</subfield>
         <subfield code="r">丘刚, 王明忠 --</subfield>
         <subfield code="t">海南古代文化与百越文化 /</subfield>
         <subfield code="r">黎吉龙, 郝思德</subfield>
      </datafield>
      <datafield tag="880" ind1="0" ind2="0">
         <subfield code="6">505-09/</subfield>
         <subfield code="t">河北夏商周时期考古学文化格局 /</subfield>
         <subfield code="r">韩立森, 徐海峰 --</subfield>
         <subfield code="t">江西青铜文化特征 /</subfield>
         <subfield code="r">徐长青 --</subfield>
         <subfield code="t">东周考古分区研究综述 /</subfield>
         <subfield code="r">梁云 --</subfield>
         <subfield code="t">贵州赫章可乐乙类墓的分期与年代 /</subfield>
         <subfield code="r">张合荣 --</subfield>
         <subfield code="t">6世纪末至7世纪初的四川造像 /</subfield>
         <subfield code="r">王剑平, 雷玉华 --</subfield>
         <subfield code="t">东南陶瓷的海洋性特征 /</subfield>
         <subfield code="r">王新天.</subfield>
      </datafield>
      <datafield tag="880" ind1="1" ind2=" ">
         <subfield code="6">700-10/</subfield>
         <subfield code="a">朱乃诚.</subfield>
      </datafield>
      <datafield tag="880" ind1="2" ind2=" ">
         <subfield code="6">710-11/</subfield>
         <subfield code="a">中国考古学会.</subfield>
      </datafield>
      <datafield tag="994" ind1=" " ind2=" ">
         <subfield code="a">Z0</subfield>
         <subfield code="b">ZYU</subfield>
      </datafield>
      <datafield tag="OWN" ind1=" " ind2=" ">
         <subfield code="a">GENERAL</subfield>
      </datafield>
      <datafield tag="AVA" ind1=" " ind2=" ">
         <subfield code="a">NYU50</subfield>
         <subfield code="b">NISAW</subfield>
         <subfield code="c">Small Collection</subfield>
         <subfield code="d">DS715 .C5367 2009</subfield>
         <subfield code="e">available</subfield>
         <subfield code="t">Available</subfield>
         <subfield code="f">1</subfield>
         <subfield code="g">0</subfield>
         <subfield code="h">N</subfield>
         <subfield code="i">0</subfield>
         <subfield code="j">SMALL</subfield>
         <subfield code="k">0</subfield>
      </datafield>
      <marc:datafield tag="852" ind1=" " ind2=" ">
         <marc:subfield code="b">Institute for the Study of the Ancient World, </marc:subfield>
         <marc:subfield code="c">Small Collection</marc:subfield>
         <marc:subfield code="e">15 East 84th St., </marc:subfield>
         <marc:subfield code="e">New York, NY  10028</marc:subfield>
      </marc:datafield>
   </record>