
  
  
  
  
  
 
  
  <record xsi:schemaLocation="http://www.loc.gov/MARC21/slim http://www.loc.gov/standards/marcxml/schema/MARC21slim.xsd">
      <leader>00000cam  2200637 a 4500</leader>
      <controlfield tag="FMT">BK</controlfield>
      <controlfield tag="LDR">00000cam  2200637 a 4500</controlfield>
      <controlfield tag="001">004166715</controlfield>
      <controlfield tag="003">OCoLC</controlfield>
      <controlfield tag="005">20150812121840.0</controlfield>
      <controlfield tag="008">150812s2012    cc ab    b    100 0 chi d</controlfield>
      <datafield tag="020" ind1=" " ind2=" ">
         <subfield code="a">9787030360649 :</subfield>
         <subfield code="c">RMBY450.00</subfield>
      </datafield>
      <datafield tag="020" ind1=" " ind2=" ">
         <subfield code="a">7030360648 :</subfield>
         <subfield code="c">RMBY450.00</subfield>
      </datafield>
      <datafield tag="035" ind1=" " ind2=" ">
         <subfield code="a">(OCoLC)825179734</subfield>
      </datafield>
      <datafield tag="040" ind1=" " ind2=" ">
         <subfield code="a">CNPIT</subfield>
         <subfield code="c">CNPIT</subfield>
         <subfield code="d">STF</subfield>
         <subfield code="d">BCBTC</subfield>
         <subfield code="d">OCLCF</subfield>
         <subfield code="d">OCLCO</subfield>
         <subfield code="d">ZCU</subfield>
         <subfield code="d">ZYU</subfield>
         <subfield code="d">NNU</subfield>
      </datafield>
      <datafield tag="041" ind1="0" ind2=" ">
         <subfield code="a">chi</subfield>
         <subfield code="b">eng</subfield>
         <subfield code="f">eng</subfield>
      </datafield>
      <datafield tag="043" ind1=" " ind2=" ">
         <subfield code="a">a-cc-kc</subfield>
         <subfield code="a">az-----</subfield>
      </datafield>
      <datafield tag="050" ind1=" " ind2="4">
         <subfield code="a">NK7983.A5</subfield>
         <subfield code="b">G83 2011</subfield>
      </datafield>
      <datafield tag="066" ind1=" " ind2=" ">
         <subfield code="c">$1</subfield>
      </datafield>
      <datafield tag="111" ind1="2" ind2=" ">
         <subfield code="6">880-01</subfield>
         <subfield code="a">Guangxi yu Dong meng qing tong wen hua xue shu yan tao hui</subfield>
         <subfield code="d">(2011 :</subfield>
         <subfield code="c">Nanning Shi, Guangxi Sheng, China)</subfield>
      </datafield>
      <datafield tag="245" ind1="1" ind2="0">
         <subfield code="6">880-02</subfield>
         <subfield code="a">Guangxi yu Dong meng qing tong wen hua xue shu yan tao hui lun wen ji =</subfield>
         <subfield code="b">Guangxi and ASEAN bronze culture conference proceedings /</subfield>
         <subfield code="c">Guangxi Zhuangzu Zizhiqu bo wu guan ... [et al.] bian.</subfield>
      </datafield>
      <datafield tag="246" ind1="3" ind2="1">
         <subfield code="a">Guangxi and ASEAN bronze culture conference proceedings</subfield>
      </datafield>
      <datafield tag="250" ind1=" " ind2=" ">
         <subfield code="6">880-03</subfield>
         <subfield code="a">Di 1 ban.</subfield>
      </datafield>
      <datafield tag="260" ind1=" " ind2=" ">
         <subfield code="6">880-04</subfield>
         <subfield code="a">Beijing :</subfield>
         <subfield code="b">Ke xue chu ban she,</subfield>
         <subfield code="c">2012.</subfield>
      </datafield>
      <datafield tag="300" ind1=" " ind2=" ">
         <subfield code="a">406 p. :</subfield>
         <subfield code="b">ill. (some col.), maps ;</subfield>
         <subfield code="c">30 cm.</subfield>
      </datafield>
      <datafield tag="546" ind1=" " ind2=" ">
         <subfield code="a">Some articles and table of conents also in English ; Each article has both Chinese and English abstract.</subfield>
      </datafield>
      <datafield tag="504" ind1=" " ind2=" ">
         <subfield code="a">Includes bibliographical references.</subfield>
      </datafield>
      <datafield tag="520" ind1=" " ind2=" ">
         <subfield code="6">880-05</subfield>
         <subfield code="a">Zhe ci hui yi gong shou dao 46 pian lun wen, nei rong she ji tong gu wen hua, qing tong wen hua, qing tong qi ke xue ji shu bao hu yi ji qi ta yu qing tong wen hua you guan de lun wen. You 16 wei zhuan jia, xue zhe zai da hui shang zuo le xue shu jiao liu. Jing zhuan jia ping shen jue ding jiang 37 pian lun wen hui ji chu tan.</subfield>
      </datafield>
      <datafield tag="505" ind1="0" ind2="0">
         <subfield code="6">880-06</subfield>
         <subfield code="g">Di yi bu fen Tong gu wen hua yan jiu.</subfield>
         <subfield code="t">Wanjiaba tong gu yu Shizhaishan tong gu de bi jiao yan jiu: cong she hui zu zhi jie gou fang shi zai lun tong gu de qi yuan wen ti /</subfield>
         <subfield code="r">Fan Haitao --</subfield>
         <subfield code="t">Yunnan zao qi tong gu qi yuan xin tan /</subfield>
         <subfield code="r">Fan Zhou --</subfield>
         <subfield code="t">Baise gu dai tong gu wen hua lun shu /</subfield>
         <subfield code="r">Huang Qiuyan --</subfield>
         <subfield code="t">Shizhai Shan xing tong gu wen shi de min zu xue chan shi /</subfield>
         <subfield code="r">Li Wen, Zhang Wei --</subfield>
         <subfield code="t">Tong gu "Tai yang wen" sheng fen tan yuan /</subfield>
         <subfield code="r">Li Pan --</subfield>
         <subfield code="t">Zao qi tong gu yu wu jian /</subfield>
         <subfield code="r">Li Xiaofan --</subfield>
         <subfield code="t">Yunan chu tu de Wajiaba lei xing tong gu /</subfield>
         <subfield code="r">Ruan Wenhao --</subfield>
         <subfield code="t">Zhongguo Guangxi he Yuenan bei bu fa xian de Hege'er I xing de tong gu bi jiao yan jiu /</subfield>
         <subfield code="r">Zheng Sheng --</subfield>
         <subfield code="t">Laowo tong gu de fa xian yu yan jiu /</subfield>
         <subfield code="r">Malaiwan・Kaobenma --</subfield>
         <subfield code="t">Yuenan Gaoping Sheng bo wu guan tong gu /</subfield>
         <subfield code="r">Cheng Nengzhong, Ruan Guangmian --</subfield>
         <subfield code="t">Guangxi tong gu chen lie de gou si /</subfield>
         <subfield code="r">Wu Weifeng, Pan Zhi</subfield>
      </datafield>
      <datafield tag="505" ind1="0" ind2="0">
         <subfield code="6">880-07</subfield>
         <subfield code="g">Di er bu fen Qing tong wen hua yan jiu</subfield>
         <subfield code="t">Guangxi Yaojiaoniu tong bian zhong de yan jiu /</subfield>
         <subfield code="r">Huang Qishan --</subfield>
         <subfield code="t">Guangxi gu dai she hui jin ru qing tong shi dai de shi jian wen ti /</subfield>
         <subfield code="r">Lan Riyong --</subfield>
         <subfield code="t">Guangxi xian Qin qing tong bing qi fan ying de Ouluo fang guo wu zhuang shi lu /</subfield>
         <subfield code="r">Zheng Chaoxiong --</subfield>
         <subfield code="t">Guangxi Han dai tong ma yan jiu /</subfield>
         <subfield code="r">Chen Xiaobo --</subfield>
         <subfield code="t">Lou kong quan zu tong hu yan jiu /</subfield>
         <subfield code="r">Jiang Tingyu --</subfield>
         <subfield code="t">Guangxi Lipu Xian Shuangjiang Zhen Yongji Cun mu zang chu tu qing tong qi /</subfield>
         <subfield code="r">Tan Fang, Li Zhen, Li Fujin --</subfield>
         <subfield code="t">Guang liang xu you ting liu yu zao qi qing tong wen hua yi cun de ren shi shang yan jiu /</subfield>
         <subfield code="r">He Anyi --</subfield>
         <subfield code="t">Jie du xiang yun da bo na mu guo tong guan /</subfield>
         <subfield code="r">Li Tiejun --</subfield>
         <subfield code="t">Zhongguo nan fang qing tong gong ju de fa xian ji yan jiu : zai lun Hainan qing tong wen hua ji qi xiang guan wen ti /</subfield>
         <subfield code="r">Tu Gaochao --</subfield>
         <subfield code="t">Hannan gu dai qing tong qi de lai yuan: "Bo lai pin" shuo zhi yi /</subfield>
         <subfield code="r">Li Bo --</subfield>
         <subfield code="t">Hubei Suizhou chu tu Xi Zhou Eguo qing tong qi yan jiu /</subfield>
         <subfield code="r">Yuan Wenqing, Fen Shaolong --</subfield>
         <subfield code="t">Zhongguo nan fang qing tong qi shang yu ren chuan wen tu zou yi /</subfield>
         <subfield code="r">Zhou Zhiqing, Li Xiaofan --</subfield>
         <subfield code="t">Liuzhou bo wu guan guan cang ji jian qing tong qi de yan jiu /</subfield>
         <subfield code="r">Liu Wen --</subfield>
         <subfield code="t">Guangxi Baiyue qing tong wen hua de tan tao /</subfield>
         <subfield code="r">Tan Guoning --</subfield>
         <subfield code="t">Guangxi tong qi zhen pin jian lun /</subfield>
         <subfield code="r">He Yingde --</subfield>
         <subfield code="t">Han dai qing tong fu shan lu de shen mei nei han /</subfield>
         <subfield code="r">Chen Guifang --</subfield>
         <subfield code="t">Yu wen tong feng degn yu tu xiang wu shu fu hao /</subfield>
         <subfield code="r">Yan Lingjun</subfield>
      </datafield>
      <datafield tag="505" ind1="0" ind2="0">
         <subfield code="6">880-08</subfield>
         <subfield code="g">Di san bu fen Qing tong ke ji bao hu yan jiu</subfield>
         <subfield code="t">Guangdong Boluo Hengling Shan xian Qin mu di chu tu Xi Zhou tong ding de xiu fu yan jiu /</subfield>
         <subfield code="r">Mo Yongsheng, Mo Peng --</subfield>
         <subfield code="t">Laman guang pu zai qing tong wen wu fu shi chan wu yan jiu zhong de ying yong /</subfield>
         <subfield code="r">Wu Mo --</subfield>
         <subfield code="t">Lüe lun qing tong wen wu de bao hu yu li yong: yi Liuzhou bo wu guan de shi jian wei li /</subfield>
         <subfield code="r">Han Yuyan --</subfield>
         <subfield code="t">Han dai tong jign chu xiu yu xiu fu bao hu de chu tan /</subfield>
         <subfield code="r">Deng Rensheng --</subfield>
         <subfield code="t">Qian tang san shi nian lai wo guo xue zhe dui gu dai tong gu zhu zao gong yi zhi yan jiu he shi yan /</subfield>
         <subfield code="r">Li Xinyan</subfield>
         <subfield code="g">Di si bu fen Qi ta-</subfield>
         <subfield code="t">Qing tong ji yi ke ku Ouluo wen hua ying ji /</subfield>
         <subfield code="r">Xiao Jun --</subfield>
         <subfield code="t">Cong chu tu de qing tong qi kan Wuzhou Han dai de she hui mian mao /</subfield>
         <subfield code="r">Zhou Xuebin --</subfield>
         <subfield code="t">Guangxi xian Qin gu guo yan jiu zong shu /</subfield>
         <subfield code="r">Chen Yutian --</subfield>
         <subfield code="t">Cong Dongshan wen hua de duo yuan yin su kan "Ouluo guo" de xing cheng /</subfield>
         <subfield code="r">Wu Chunming.</subfield>
      </datafield>
      <datafield tag="650" ind1=" " ind2="0">
         <subfield code="a">Bronze age</subfield>
         <subfield code="z">China</subfield>
         <subfield code="z">Guangxi Zhuangzu Zizhiqu.</subfield>
      </datafield>
      <datafield tag="650" ind1=" " ind2="0">
         <subfield code="a">Bronze age</subfield>
         <subfield code="z">Southeast Asia.</subfield>
      </datafield>
      <datafield tag="650" ind1=" " ind2="0">
         <subfield code="a">Excavations (Archaeology)</subfield>
         <subfield code="z">China</subfield>
         <subfield code="z">Guangxi Zhuangzu Zizhiqu</subfield>
         <subfield code="v">Congresses.</subfield>
      </datafield>
      <datafield tag="650" ind1=" " ind2="0">
         <subfield code="a">Excavations (Archaeology)</subfield>
         <subfield code="z">Southeast Asia</subfield>
         <subfield code="v">Congresses.</subfield>
      </datafield>
      <datafield tag="651" ind1=" " ind2="0">
         <subfield code="6">880-09</subfield>
         <subfield code="a">Guangxi Zhuangzu Zizhiqu (China)</subfield>
         <subfield code="x">Civilization</subfield>
         <subfield code="v">Congresses.</subfield>
      </datafield>
      <datafield tag="651" ind1=" " ind2="0">
         <subfield code="a">Southeast Asia</subfield>
         <subfield code="x">Civilization</subfield>
         <subfield code="v">Congresses.</subfield>
      </datafield>
      <datafield tag="650" ind1=" " ind2="7">
         <subfield code="a">Bronze age.</subfield>
         <subfield code="2">fast</subfield>
         <subfield code="0">(OCoLC)fst00839439</subfield>
      </datafield>
      <datafield tag="650" ind1=" " ind2="7">
         <subfield code="a">Civilization.</subfield>
         <subfield code="2">fast</subfield>
         <subfield code="0">(OCoLC)fst00862898</subfield>
      </datafield>
      <datafield tag="650" ind1=" " ind2="7">
         <subfield code="a">Excavations (Archaeology)</subfield>
         <subfield code="2">fast</subfield>
         <subfield code="0">(OCoLC)fst00917564</subfield>
      </datafield>
      <datafield tag="651" ind1=" " ind2="7">
         <subfield code="a">China</subfield>
         <subfield code="z">Guangxi Zhuangzu Zizhiqu.</subfield>
         <subfield code="2">fast</subfield>
         <subfield code="0">(OCoLC)fst01210512</subfield>
      </datafield>
      <datafield tag="651" ind1=" " ind2="7">
         <subfield code="a">Southeast Asia.</subfield>
         <subfield code="2">fast</subfield>
         <subfield code="0">(OCoLC)fst01240499</subfield>
      </datafield>
      <datafield tag="655" ind1=" " ind2="7">
         <subfield code="a">Conference proceedings.</subfield>
         <subfield code="2">fast</subfield>
         <subfield code="0">(OCoLC)fst01423772</subfield>
      </datafield>
      <datafield tag="710" ind1="2" ind2=" ">
         <subfield code="6">880-10</subfield>
         <subfield code="a">Guangxi Zhuangzu Zizhiqu bo wu guan.</subfield>
      </datafield>
      <datafield tag="880" ind1="2" ind2=" ">
         <subfield code="6">111-01/</subfield>
         <subfield code="a">广西与东盟青铜文化学术研讨会</subfield>
         <subfield code="d">(2011 :</subfield>
         <subfield code="c">Nanning Shi, Guangxi Sheng, China)</subfield>
      </datafield>
      <datafield tag="880" ind1="1" ind2="0">
         <subfield code="6">245-02/</subfield>
         <subfield code="a">广西与东盟青铜文化学术研讨会论文集 =</subfield>
         <subfield code="b">Guangxi and ASEAN bronze culture conference proceedings /</subfield>
         <subfield code="c">广西壮族自治区博物馆 ... [et al.]编.</subfield>
      </datafield>
      <datafield tag="880" ind1=" " ind2=" ">
         <subfield code="6">250-03/</subfield>
         <subfield code="a">第1版.</subfield>
      </datafield>
      <datafield tag="880" ind1=" " ind2=" ">
         <subfield code="6">260-04/</subfield>
         <subfield code="a">北京 :</subfield>
         <subfield code="b">科学出版社,</subfield>
         <subfield code="c">2012.</subfield>
      </datafield>
      <datafield tag="880" ind1=" " ind2=" ">
         <subfield code="6">520-05/</subfield>
         <subfield code="a">这次会议共收到46篇论文, 内容涉及铜鼓文化, 青铜文化, 青铜器科学技术保护以及其它与青铜文化有关的论文. 有16位专家, 学者在大会上作了学术交流. 经专家评审决定将37篇论文汇集出版.</subfield>
      </datafield>
      <datafield tag="880" ind1="0" ind2="0">
         <subfield code="6">505-06/</subfield>
         <subfield code="g">第一部分 铜鼓文化研究</subfield>
         <subfield code="t">万家坝铜鼓与石寨山铜鼓的比较研究: 从社会组织结构方式再论铜鼓的起源问题 /</subfield>
         <subfield code="r">樊海涛 --</subfield>
         <subfield code="t">云南早期铜鼓起源新探 /</subfield>
         <subfield code="r">范舟 --</subfield>
         <subfield code="t">百色古代铜鼓文化述论 /</subfield>
         <subfield code="r">黄秋艳 --</subfield>
         <subfield code="t">石寨山型铜鼓纹饰的民族学阐释 /</subfield>
         <subfield code="r">李文, 张伟 --</subfield>
         <subfield code="t">铜鼓"太阳纹"身份探源 /</subfield>
         <subfield code="r">李攀 --</subfield>
         <subfield code="t">早期铜鼓与巫觋 /</subfield>
         <subfield code="r">李晓帆 --</subfield>
         <subfield code="t">越南出土的万家坝类型铜鼓 /</subfield>
         <subfield code="r">阮文好 --</subfield>
         <subfield code="t">中国广西和越南北部发现的黑格尔I型铜鼓的比较研究 /</subfield>
         <subfield code="r">郑生 --</subfield>
         <subfield code="t">老挝铜鼓的发现与研究 /</subfield>
         <subfield code="r">玛莱湾・考本玛 --</subfield>
         <subfield code="t">越南高平省博物馆锏鼓 /</subfield>
         <subfield code="r">程能钟, 阮光绵 --</subfield>
         <subfield code="t">广西铜鼓陈列的构思 /</subfield>
         <subfield code="r">吴伟峰, 潘汁</subfield>
      </datafield>
      <datafield tag="880" ind1="0" ind2="0">
         <subfield code="6">505-07/</subfield>
         <subfield code="g">第二部分 青铜文化研究</subfield>
         <subfield code="t">广西羊角纽铜编钟的研究 /</subfield>
         <subfield code="r">黄启善 --</subfield>
         <subfield code="t">广西古代社会进入青铜时代的时间问题 /</subfield>
         <subfield code="r">蓝日勇 --</subfield>
         <subfield code="t">广西先秦青铜兵器反映的瓯骆方国武装实力 /</subfield>
         <subfield code="r">郑超雄 --</subfield>
         <subfield code="t">广西汉代铜马研究 /</subfield>
         <subfield code="r">陈小波 --</subfield>
         <subfield code="t">镂孔圈足铜壶研究 /</subfield>
         <subfield code="r">蒋廷瑜 --</subfield>
         <subfield code="t">广西荔浦县双江镇永吉村墓葬出士青铜器 /</subfield>
         <subfield code="r">覃芳, 李珍, 黎福金 --</subfield>
         <subfield code="t">广两序右汀流域早期青铜文化遗存的认识上研究 /</subfield>
         <subfield code="r">何安益 --</subfield>
         <subfield code="t">解读祥云大波那木椁铜棺 /</subfield>
         <subfield code="r">李铁军 --</subfield>
         <subfield code="t">中国南方青铜工具的发现及研究: 再论海南青铜文化及其相关问题 /</subfield>
         <subfield code="r">涂高潮 --</subfield>
         <subfield code="t">海南古代青铜器的来源: "舶来品"说质疑 /</subfield>
         <subfield code="r">李勃 --</subfield>
         <subfield code="t">湖北随州出土西周噩国青铜器研究 /</subfield>
         <subfield code="r">院文清, 冯少龙 --</subfield>
         <subfield code="t">中国南方青铜器上羽人船纹图刍议 /</subfield>
         <subfield code="r">周志清, 李晓帆 --</subfield>
         <subfield code="t">柳州博物馆馆藏几件青铜器的研究 /</subfield>
         <subfield code="r">刘文 --</subfield>
         <subfield code="t">广西百越青铜文化的探讨 /</subfield>
         <subfield code="r">覃国宁 --</subfield>
         <subfield code="t">广西铜器珍品简论 /</subfield>
         <subfield code="r">何英德 --</subfield>
         <subfield code="t">汉代青铜博山炉的审美内涵 /</subfield>
         <subfield code="r">陈桂芬 --</subfield>
         <subfield code="t">羽纹铜凤灯与图像巫术符号 /</subfield>
         <subfield code="r">闫玲君</subfield>
      </datafield>
      <datafield tag="880" ind1="0" ind2="0">
         <subfield code="6">505-08/</subfield>
         <subfield code="g">第三部分 青铜科技保护研究</subfield>
         <subfield code="t">广东博罗横岭山先秦墓地出土西周铜鼎的修复研究 /</subfield>
         <subfield code="r">莫永昇, 莫鹏 --</subfield>
         <subfield code="t">拉曼光谱在青铜文物腐蚀产物研究中的应用 /</subfield>
         <subfield code="r">吴沫 --</subfield>
         <subfield code="t">略论青铜文物的保护与利用: 以柳州博物馆的实践为例 /</subfield>
         <subfield code="r">韩玉燕 --</subfield>
         <subfield code="t">汉代铜镜除锈与修复保护的初探 /</subfield>
         <subfield code="r">邓任生 --</subfield>
         <subfield code="t">浅论三十年来我国学者对古代铜鼓铸造工艺之研究和试验 /</subfield>
         <subfield code="r">李欣妍</subfield>
         <subfield code="g">第四部分 其他</subfield>
         <subfield code="t">青铜记忆刻录瓯骆文化印记 /</subfield>
         <subfield code="r">肖君 --</subfield>
         <subfield code="t">从出土的青铜器试看梧州汉代的社会面貌 /</subfield>
         <subfield code="r">周学斌 --</subfield>
         <subfield code="t">广西先秦古国研究综述 /</subfield>
         <subfield code="r">陈虞添 --</subfield>
         <subfield code="t">从东山文化的多元因素看"瓯骆国"的形成 /</subfield>
         <subfield code="r">吴春明.</subfield>
      </datafield>
      <datafield tag="880" ind1=" " ind2="4">
         <subfield code="6">651-09/</subfield>
         <subfield code="a">广西壮族自治区 (China)</subfield>
         <subfield code="x">Civilization</subfield>
         <subfield code="v">Congresses.</subfield>
      </datafield>
      <datafield tag="880" ind1="2" ind2=" ">
         <subfield code="6">710-10/</subfield>
         <subfield code="a">广西壮族自治区博物馆.</subfield>
      </datafield>
      <datafield tag="994" ind1=" " ind2=" ">
         <subfield code="a">Z0</subfield>
         <subfield code="b">ZYU</subfield>
      </datafield>
      <datafield tag="OWN" ind1=" " ind2=" ">
         <subfield code="a">GENERAL</subfield>
      </datafield>
      <datafield tag="AVA" ind1=" " ind2=" ">
         <subfield code="a">NYU50</subfield>
         <subfield code="b">NISAW</subfield>
         <subfield code="c">Large Collection</subfield>
         <subfield code="d">DS793.S6445 G83 2011</subfield>
         <subfield code="e">available</subfield>
         <subfield code="t">Available</subfield>
         <subfield code="f">1</subfield>
         <subfield code="g">0</subfield>
         <subfield code="h">N</subfield>
         <subfield code="i">0</subfield>
         <subfield code="j">LARGE</subfield>
         <subfield code="k">0</subfield>
      </datafield>
      <marc:datafield tag="852" ind1=" " ind2=" ">
         <marc:subfield code="b">Institute for the Study of the Ancient World, </marc:subfield>
         <marc:subfield code="c">Large Collection</marc:subfield>
         <marc:subfield code="e">15 East 84th St., </marc:subfield>
         <marc:subfield code="e">New York, NY  10028</marc:subfield>
      </marc:datafield>
   </record>