
  
  
  
  
  
 
  
  <record xsi:schemaLocation="http://www.loc.gov/MARC21/slim http://www.loc.gov/standards/marcxml/schema/MARC21slim.xsd">
      <leader>00000cam  2200541 i 4500</leader>
      <controlfield tag="FMT">BK</controlfield>
      <controlfield tag="LDR">00000cam  2200541 i 4500</controlfield>
      <controlfield tag="001">004167162</controlfield>
      <controlfield tag="003">OCoLC</controlfield>
      <controlfield tag="005">20150813105315.0</controlfield>
      <controlfield tag="008">131025s2012    cc a     b    100 0 chi d</controlfield>
      <datafield tag="020" ind1=" " ind2=" ">
         <subfield code="a">9787501035779</subfield>
      </datafield>
      <datafield tag="020" ind1=" " ind2=" ">
         <subfield code="a">7501035776</subfield>
      </datafield>
      <datafield tag="035" ind1=" " ind2=" ">
         <subfield code="a">(OCoLC)876656926</subfield>
      </datafield>
      <datafield tag="040" ind1=" " ind2=" ">
         <subfield code="a">CCHGZ</subfield>
         <subfield code="b">eng</subfield>
         <subfield code="e">rda</subfield>
         <subfield code="c">CCHGZ</subfield>
         <subfield code="d">OCLCO</subfield>
         <subfield code="d">YUS</subfield>
         <subfield code="d">IUL</subfield>
      </datafield>
      <datafield tag="043" ind1=" " ind2=" ">
         <subfield code="a">a-cc---</subfield>
      </datafield>
      <datafield tag="050" ind1=" " ind2="4">
         <subfield code="a">DS715</subfield>
         <subfield code="b">.C5367 2011</subfield>
      </datafield>
      <datafield tag="066" ind1=" " ind2=" ">
         <subfield code="c">$1</subfield>
      </datafield>
      <datafield tag="084" ind1=" " ind2=" ">
         <subfield code="a">K870.4</subfield>
         <subfield code="2">clc</subfield>
      </datafield>
      <datafield tag="110" ind1="2" ind2=" ">
         <subfield code="6">880-01</subfield>
         <subfield code="a">Zhongguo kao gu xue hui.</subfield>
         <subfield code="b">Nian hui</subfield>
         <subfield code="n">(14th :</subfield>
         <subfield code="d">2011),</subfield>
         <subfield code="e">author.</subfield>
      </datafield>
      <datafield tag="245" ind1="1" ind2="0">
         <subfield code="6">880-02</subfield>
         <subfield code="a">Zhongguo kao gu xue hui di shi si ci nian hui lun wen ji /</subfield>
         <subfield code="c">Zhongguo kao gu xue hui bian ji.</subfield>
      </datafield>
      <datafield tag="246" ind1="3" ind2=" ">
         <subfield code="6">880-03</subfield>
         <subfield code="a">Zhongguo kao gu xue hui di 14 ci nian hui lun wen ji</subfield>
      </datafield>
      <datafield tag="250" ind1=" " ind2=" ">
         <subfield code="6">880-04</subfield>
         <subfield code="a">Di 1 ban.</subfield>
      </datafield>
      <datafield tag="264" ind1=" " ind2="1">
         <subfield code="6">880-05</subfield>
         <subfield code="a">Beijing Shi :</subfield>
         <subfield code="b">Wen wu chu ban she,</subfield>
         <subfield code="c">2012.</subfield>
      </datafield>
      <datafield tag="300" ind1=" " ind2=" ">
         <subfield code="a">3, 548 pages :</subfield>
         <subfield code="b">illustrations (some color) ;</subfield>
         <subfield code="c">26 cm</subfield>
      </datafield>
      <datafield tag="336" ind1=" " ind2=" ">
         <subfield code="a">text</subfield>
         <subfield code="b">txt</subfield>
         <subfield code="2">rdacontent</subfield>
      </datafield>
      <datafield tag="337" ind1=" " ind2=" ">
         <subfield code="a">unmediated</subfield>
         <subfield code="b">n</subfield>
         <subfield code="2">rdamedia</subfield>
      </datafield>
      <datafield tag="338" ind1=" " ind2=" ">
         <subfield code="a">volume</subfield>
         <subfield code="b">nc</subfield>
         <subfield code="2">rdacarrier</subfield>
      </datafield>
      <datafield tag="504" ind1=" " ind2=" ">
         <subfield code="a">Includes bibliographical references.</subfield>
      </datafield>
      <datafield tag="520" ind1=" " ind2=" ">
         <subfield code="6">880-06</subfield>
         <subfield code="a">"Ben shu shi 2011 nian Zhongguo kao gu xue hui di 14 ci nian hui lun wen ji, shou lu le'mo zhi shi qi hen ji yan jiu chu tan--yi luo tuo dun yi zhi chu tu shi qi wei li', 'liang zhu gu cheng wai wei jie gou de tan suo--jian lun GIS ji RS zai da yi zhi kao gu zhong di ying yong', 'Chun qiu Zhanguo Chang Jiang xia you qing tong nong ju kao lun', 'lun Sizhou zao zhi yi zhi de zao zhi gong yi'deng kao gu lun wen"--From publisher.</subfield>
      </datafield>
      <datafield tag="505" ind1="0" ind2="0">
         <subfield code="6">880-07</subfield>
         <subfield code="t">Majia Bang wen hua shi qi she hui sheng chan zhuang kuang fen xi /</subfield>
         <subfield code="r">Zhang Tongxin, Wang Bin --</subfield>
         <subfield code="t">Mo zhi shi qi hen ji yan jiu chu tan : yi luo tuo dun yi zhi chu tu shi qi wei li /</subfield>
         <subfield code="r">Huang Jianqiu, Lin Liugen --</subfield>
         <subfield code="t">Songze wen hua de wen hua cheng jiu yi ji zai Zhongguo wen ming qi yuan zhong di di wei yu zuo yong /</subfield>
         <subfield code="r">Zhu Naicheng --</subfield>
         <subfield code="t">Huan Tai Hu di qu de gu guo yu fang guo : chong wen Su Bingqi xian sheng de yi duan you guan lun shu /</subfield>
         <subfield code="r">Guo Dashun --</subfield>
         <subfield code="t">Cong liang zhu yi zhi tan da yi zhi kao gu /</subfield>
         <subfield code="r">Liu Bin --</subfield>
         <subfield code="t">Liangzhu gu cheng wai wei jie gou de tan suo : jian lun GIS ji RS zai da yi zhi kao gu zhong di ying yong /</subfield>
         <subfield code="r">Wang Ningyuan --</subfield>
         <subfield code="t">Lun Yao Shan mu di de fen qi, pai xu ji xiang guan wen ti /</subfield>
         <subfield code="r">Zhao Chunqing --</subfield>
         <subfield code="t">Fan Shan mu di xin jie /</subfield>
         <subfield code="r">Zhai Yang --</subfield>
         <subfield code="t">Liangzhu wen hua tao yuan chu lun /</subfield>
         <subfield code="r">Yang Yueguang, Li Yiping --</subfield>
         <subfield code="t">Liangzhu wen hua qi gu de fa xian he yan jiu /</subfield>
         <subfield code="r">Zhao Ye --</subfield>
         <subfield code="t">Chang Jiang xia you di qu de zao qi jia chu si yang /</subfield>
         <subfield code="r">Luo Yunbing --</subfield>
      </datafield>
      <datafield tag="505" ind1="0" ind2="0">
         <subfield code="6">880-08</subfield>
         <subfield code="t">Wan Jiang di qu yuan shi wen hua tan xi /</subfield>
         <subfield code="r">Yang Lixin --</subfield>
         <subfield code="t">Chang Jiang zhong xia you shi qian cheng zhi kao cha /</subfield>
         <subfield code="r">Wang Miaofa --</subfield>
         <subfield code="t">Dawenkou, Liangzhu wan qi he Haochuan : cong tu fu kao cha guan nian xing tai de jiao liu he rong hui /</subfield>
         <subfield code="r">Fang Xiangming --</subfield>
         <subfield code="t">Dakouzun yu ke hua tao fu shuo /</subfield>
         <subfield code="r">Sun Bo, Zhang Kesi --</subfield>
         <subfield code="t">Niubi Shan wen hua zai ren shi : jian lun Min Zhe Gan jiao jie di dai xin shi qi shi dai wan qi kao gu xue wen hua de jiao liu /</subfield>
         <subfield code="r">Huang Yunming, He Qi --</subfield>
         <subfield code="t">Chang Jiang xia you di qu de zao qi yin wen tao yan jiu : yi Guangfulin wen hua he Maqiao wen hua wei zhong xin /</subfield>
         <subfield code="r">Song Jian --</subfield>
         <subfield code="t">Ting lin lei xing chu lun /</subfield>
         <subfield code="r">Cao Jun --</subfield>
         <subfield code="t">Cai Hou bing qi san ti /</subfield>
         <subfield code="r">Cao Jinyan --</subfield>
         <subfield code="t">Chun qiu Zhanguo chang jiang xia you qing tong nong ju kao lun /</subfield>
         <subfield code="r">Wu Rongceng --</subfield>
         <subfield code="t">Zhejiang Han dai de sang zang xi su /</subfield>
         <subfield code="r">Hu Jigen --</subfield>
         <subfield code="t">Nan Song Linan Cheng cheng yuan xin tan /</subfield>
         <subfield code="r">Wang Zhengyu --</subfield>
         <subfield code="t">Chang Jiang xia you di qu Song mu chu tan /</subfield>
         <subfield code="r">Dong Xinlin --</subfield>
      </datafield>
      <datafield tag="505" ind1="0" ind2="0">
         <subfield code="6">880-09</subfield>
         <subfield code="t">Lun Sizhou zao zhi yi zhi de zao zhi gong yi /</subfield>
         <subfield code="r">Yang Jindong --</subfield>
         <subfield code="t">Hua bei nan bu jiu shi qi wan qi wen hua de fa zhan /</subfield>
         <subfield code="r">Wang Youping --</subfield>
         <subfield code="t">Hua nan shi qian yu wen hua yu Taiping Yang dao yu yuan shi yi shu de guan xi /</subfield>
         <subfield code="r">Shi Rongchuan --</subfield>
         <subfield code="t">Zhong yuan yu dong fang ji dong nan : shi cong Qing liang si mu di tan tao wai lai yin su zai zhong yuan di qu zao qi she hui fu za hua jin cheng zhong di zuo yong /</subfield>
         <subfield code="r">Wei Xingtao --</subfield>
         <subfield code="t">Dong xia feng yi zhi yi cun fen xi ji xiang guan wen ti yan jiu /</subfield>
         <subfield code="r">Tian Jianwen --</subfield>
         <subfield code="t">Hubei xi zhou qing tong qi de fa xian yu yan jiu /</subfield>
         <subfield code="r">Yuan Wenqing --</subfield>
         <subfield code="t">Yi jian zhan guo shi qi liu li huan de gong yi yu chan di yan jiu /</subfield>
         <subfield code="r">Li Qinglin, yu xi yun --</subfield>
         <subfield code="t">Hainan dao qing tong qi yuan liu chu tan /</subfield>
         <subfield code="r">Qiu Gang --</subfield>
         <subfield code="t">Yunnan tie qi shi dai de zong he fen qi : jian shu ge qi de li shi te dian ji kao gu yi cun te zheng /</subfield>
         <subfield code="r">He Jinlong --</subfield>
         <subfield code="t">"Cao Cao Gaoling" de ji ge wen ti : "Henan Anyang shi xi gao xue cao cao gao ling" du hou /</subfield>
         <subfield code="r">Xu Guangji --</subfield>
      </datafield>
      <datafield tag="505" ind1="0" ind2="0">
         <subfield code="6">880-10</subfield>
         <subfield code="t">5 zhi 6 shi ji gu dai Zhongguo mu zang yin su de di qu hu dong yu bai ji wu ning wang ling /</subfield>
         <subfield code="r">Wu Guibing --</subfield>
         <subfield code="t">Dong shou mu zai yan jiu : wei zhu he xiu bai xian sheng jiu qi hua dan er zuo /</subfield>
         <subfield code="r">Yang Hong --</subfield>
         <subfield code="t">Bo hai wang shi gui zu mu zang ji xiang guan wen ti zai tan tao /</subfield>
         <subfield code="r">Wei Cuncheng --</subfield>
         <subfield code="t">Cong Liao dong "liang mo" gu cheng dao gao ju li zao qi shan cheng de kao gu diao cha yu si kao : yi xin bin tai zi cheng deng wei li : guan yu gao ju li zao qi li shi kao gu de ruo gan wen ti zhi ba /</subfield>
         <subfield code="r">Wang Mianhou --</subfield>
         <subfield code="t">Qiu ci yu jian tuo luo de zao xiang zu he, ti cai ji bu ju /</subfield>
         <subfield code="r">Li Chongfeng --</subfield>
         <subfield code="t">Xian bei sheng huo de zhen shi xie zhao : Bei Wei mu zang zhong di shou lie bi hua /</subfield>
         <subfield code="r">Zhang Qingjie --</subfield>
         <subfield code="t">Hebei Tang dai mi jiao shi ke /</subfield>
         <subfield code="r">Liu Jianhua --</subfield>
         <subfield code="t">Liao zu ling 1 hao pei zang mu chu tu bo li qi /</subfield>
         <subfield code="r">An Jiayao --</subfield>
         <subfield code="t">Jin dai nü zhen ren mu zang tan xi /</subfield>
         <subfield code="r">Zhao Yongjun --</subfield>
         <subfield code="t">Ying xian mu ta de yuan zhuang : liang bu ying xian mu ta diao cha bao gao yue du zha ji /</subfield>
         <subfield code="r">Li Zhirong.</subfield>
      </datafield>
      <datafield tag="651" ind1=" " ind2="0">
         <subfield code="a">China</subfield>
         <subfield code="x">Antiquities</subfield>
         <subfield code="v">Congresses.</subfield>
      </datafield>
      <datafield tag="650" ind1=" " ind2="7">
         <subfield code="a">Antiquities.</subfield>
         <subfield code="2">fast</subfield>
         <subfield code="0">(OCoLC)fst00810745</subfield>
      </datafield>
      <datafield tag="651" ind1=" " ind2="7">
         <subfield code="a">China.</subfield>
         <subfield code="2">fast</subfield>
         <subfield code="0">(OCoLC)fst01206073</subfield>
      </datafield>
      <datafield tag="655" ind1=" " ind2="7">
         <subfield code="a">Conference proceedings.</subfield>
         <subfield code="2">fast</subfield>
         <subfield code="0">(OCoLC)fst01423772</subfield>
      </datafield>
      <datafield tag="710" ind1="2" ind2=" ">
         <subfield code="6">880-11</subfield>
         <subfield code="a">Zhongguo kao gu xue hui,</subfield>
         <subfield code="e">editor.</subfield>
      </datafield>
      <datafield tag="880" ind1="2" ind2=" ">
         <subfield code="6">110-01/</subfield>
         <subfield code="a">中国考古学会.</subfield>
         <subfield code="b">年会</subfield>
         <subfield code="n">(14th :</subfield>
         <subfield code="d">2011),</subfield>
         <subfield code="e">author.</subfield>
      </datafield>
      <datafield tag="880" ind1="1" ind2="0">
         <subfield code="6">245-02/</subfield>
         <subfield code="a">中国考古学会第十四次年会论文集 /</subfield>
         <subfield code="c">中国考古学会编辑.</subfield>
      </datafield>
      <datafield tag="880" ind1="3" ind2=" ">
         <subfield code="6">246-03/</subfield>
         <subfield code="a">中国考古学会第14次年会论文集</subfield>
      </datafield>
      <datafield tag="880" ind1=" " ind2=" ">
         <subfield code="6">250-04/</subfield>
         <subfield code="a">第1版.</subfield>
      </datafield>
      <datafield tag="880" ind1=" " ind2="1">
         <subfield code="6">264-05/</subfield>
         <subfield code="a">北京市 :</subfield>
         <subfield code="b">文物出版社,</subfield>
         <subfield code="c">2012.</subfield>
      </datafield>
      <datafield tag="880" ind1=" " ind2=" ">
         <subfield code="6">520-06/</subfield>
         <subfield code="a">"本书是2011年中国考古学会第十四次年会论文集, 收录了'磨制石器痕迹研究初探--以骆驼墩遗址出土石器为例', '良渚古城外围结构的探索--兼论GIS及RS在大遗址考古中的应用', '春秋战国长江下游青铜农具考论', '论泗洲造纸遗址的造纸工艺'等考古论文"--From publisher.</subfield>
      </datafield>
      <datafield tag="880" ind1="0" ind2="0">
         <subfield code="6">505-07/</subfield>
         <subfield code="t">马家浜文化时期社会生产状况分析 /</subfield>
         <subfield code="r">张童心, 王斌 --</subfield>
         <subfield code="t">磨制石器痕迹研究初探 : 以骆驼墩遗址出土石器为例 /</subfield>
         <subfield code="r">黄建秋, 林留根 --</subfield>
         <subfield code="t">崧泽文化的文化成就以及在中国文明起源中的地位与作用 /</subfield>
         <subfield code="r">朱乃诚 --</subfield>
         <subfield code="t">环太湖地区的古国与方国 : 重温苏秉琦先生的一段有关论述 /</subfield>
         <subfield code="r">郭大顺 --</subfield>
         <subfield code="t">从良渚遗址谈大遗址考古 /</subfield>
         <subfield code="r">刘斌 --</subfield>
         <subfield code="t">良渚古城外围结构的探索 : 兼论GIS及RS在大遗址考古中的应用 /</subfield>
         <subfield code="r">王宁远 --</subfield>
         <subfield code="t">论瑤山墓地的分期、排序及相关问题 /</subfield>
         <subfield code="r">赵春青 --</subfield>
         <subfield code="t">反山墓地新解 /</subfield>
         <subfield code="r">翟杨 --</subfield>
         <subfield code="t">良渚文化陶鸳初论 /</subfield>
         <subfield code="r">杨月光, 李伊萍 --</subfield>
         <subfield code="t">良渚文化漆觚的发现和研究 /</subfield>
         <subfield code="r">赵晔 --</subfield>
         <subfield code="t">长江下游地区的早期家畜饲养 /</subfield>
         <subfield code="r">罗运兵 --</subfield>
      </datafield>
      <datafield tag="880" ind1="0" ind2="0">
         <subfield code="6">505-08/</subfield>
         <subfield code="t">皖江地区原始文化探析 /</subfield>
         <subfield code="r">杨立新 --</subfield>
         <subfield code="t">长江中下游史前城址考察 /</subfield>
         <subfield code="r">王妙发 --</subfield>
         <subfield code="t">大汶口、良渚晚期和好川 : 从图符考察观念形态的交流和融会 /</subfield>
         <subfield code="r">方向明 --</subfield>
         <subfield code="t">大口尊与刻画陶符说 /</subfield>
         <subfield code="r">孙波, 张克思 --</subfield>
         <subfield code="t">牛鼻山文化再认识 : 兼论闽浙赣交界地带新石器时代晚期考古学文化的交流 /</subfield>
         <subfield code="r">黄运明, 和奇 --</subfield>
         <subfield code="t">长江下游地区的早期印纹陶研究 : 以广富林文化和马桥文化为中心 /</subfield>
         <subfield code="r">宋建 --</subfield>
         <subfield code="t">亭林类型初论 /</subfield>
         <subfield code="r">曹峻 --</subfield>
         <subfield code="t">蔡侯兵器三题 /</subfield>
         <subfield code="r">曹锦炎 --</subfield>
         <subfield code="t">春秋战国长江下游青铜农具考论 /</subfield>
         <subfield code="r">吴荣曾 --</subfield>
         <subfield code="t">浙江汉代的丧葬习俗 /</subfield>
         <subfield code="r">胡继根 --</subfield>
         <subfield code="t">南宋临安城城垣新探 /</subfield>
         <subfield code="r">王征宇 --</subfield>
         <subfield code="t">长江下游地区宋墓初探 /</subfield>
         <subfield code="r">董新林 --</subfield>
      </datafield>
      <datafield tag="880" ind1="0" ind2="0">
         <subfield code="6">505-09/</subfield>
         <subfield code="t">论泗洲造纸遗址的造纸工艺 /</subfield>
         <subfield code="r">杨金东 --</subfield>
         <subfield code="t">华北南部旧石器晚期文化的发展 /</subfield>
         <subfield code="r">王幼平 --</subfield>
         <subfield code="t">华南史前玉文化与太平洋岛屿原始艺术的关系 /</subfield>
         <subfield code="r">石荣传 --</subfield>
         <subfield code="t">中原与东方及东南 : 试从清凉寺墓地探讨外来因素在中原地区早期社会复杂化进程中的作用 /</subfield>
         <subfield code="r">魏兴涛 --</subfield>
         <subfield code="t">东下冯遗址遗存分析及相关问题研究 /</subfield>
         <subfield code="r">田建文 --</subfield>
         <subfield code="t">湖北西周青铜器的发现与研究 /</subfield>
         <subfield code="r">院文清 --</subfield>
         <subfield code="t">一件战国时期琉璃环的工艺与产地研究 /</subfield>
         <subfield code="r">李清临, 余西云 --</subfield>
         <subfield code="t">海南岛青铜器源流初探 /</subfield>
         <subfield code="r">丘刚 --</subfield>
         <subfield code="t">云南铁器时代的综合分期 : 兼述各期的历史特点及考古遗存特征 /</subfield>
         <subfield code="r">何金龙 --</subfield>
         <subfield code="t">"曹操高陵"的几个问题 : 《河南安阳市西高穴曹操高陵》读后 /</subfield>
         <subfield code="r">徐光冀 --</subfield>
      </datafield>
      <datafield tag="880" ind1="0" ind2="0">
         <subfield code="6">505-10/</subfield>
         <subfield code="t">5至6世纪古代中国墓葬因素的地区互动与百济武宁王陵 /</subfield>
         <subfield code="r">吴桂兵 --</subfield>
         <subfield code="t">冬寿墓再研究 : 为祝贺宿白先生九七华诞而作 /</subfield>
         <subfield code="r">杨泓 --</subfield>
         <subfield code="t">渤海王室贵族墓葬及相关问题再探讨 /</subfield>
         <subfield code="r">魏存成 --</subfield>
         <subfield code="t">从辽东"梁貊"故城到高句丽早期山城的考古调查与思考 : 以新宾太子城等为例 : 关于高句丽早期历史考古的若干问题之八 /</subfield>
         <subfield code="r">王绵厚 --</subfield>
         <subfield code="t">龟兹与犍陀罗的造像组合、题材及布局 /</subfield>
         <subfield code="r">李崇峰 --</subfield>
         <subfield code="t">鲜卑生活的真实写照 : 北魏墓葬中的狩猎壁画 /</subfield>
         <subfield code="r">张庆捷 --</subfield>
         <subfield code="t">河北唐代密教石刻 /</subfield>
         <subfield code="r">刘建华 --</subfield>
         <subfield code="t">辽祖陵1号陪葬墓出土玻璃器 /</subfield>
         <subfield code="r">安家瑤 --</subfield>
         <subfield code="t">金代女真人墓葬探析 /</subfield>
         <subfield code="r">赵永军 --</subfield>
         <subfield code="t">应县木塔的原状 : 两部应县木塔调查报告阅读札记 /</subfield>
         <subfield code="r">李志荣.</subfield>
      </datafield>
      <datafield tag="880" ind1="0" ind2="7">
         <subfield code="6">650-00/</subfield>
         <subfield code="a">考古学</subfield>
         <subfield code="y">中国</subfield>
         <subfield code="v">文集</subfield>
         <subfield code="2">cct</subfield>
      </datafield>
      <datafield tag="880" ind1="2" ind2=" ">
         <subfield code="6">710-11/</subfield>
         <subfield code="a">中国考古学会,</subfield>
         <subfield code="e">editor.</subfield>
      </datafield>
      <datafield tag="994" ind1=" " ind2=" ">
         <subfield code="a">Z0</subfield>
         <subfield code="b">ZYU</subfield>
      </datafield>
      <datafield tag="OWN" ind1=" " ind2=" ">
         <subfield code="a">GENERAL</subfield>
      </datafield>
      <datafield tag="AVA" ind1=" " ind2=" ">
         <subfield code="a">NYU50</subfield>
         <subfield code="b">NISAW</subfield>
         <subfield code="c">Small Collection</subfield>
         <subfield code="d">DS715 .C5367 2011</subfield>
         <subfield code="e">available</subfield>
         <subfield code="t">Available</subfield>
         <subfield code="f">1</subfield>
         <subfield code="g">0</subfield>
         <subfield code="h">N</subfield>
         <subfield code="i">0</subfield>
         <subfield code="j">SMALL</subfield>
         <subfield code="k">0</subfield>
      </datafield>
      <marc:datafield tag="852" ind1=" " ind2=" ">
         <marc:subfield code="b">Institute for the Study of the Ancient World, </marc:subfield>
         <marc:subfield code="c">Small Collection</marc:subfield>
         <marc:subfield code="e">15 East 84th St., </marc:subfield>
         <marc:subfield code="e">New York, NY  10028</marc:subfield>
      </marc:datafield>
   </record>