
  
  
  
  
  
  
 
  
  <record xsi:schemaLocation="http://www.loc.gov/MARC21/slim http://www.loc.gov/standards/marcxml/schema/MARC21slim.xsd">
      <leader>00000cam  2200493 i 4500</leader>
      <controlfield tag="FMT">BK</controlfield>
      <controlfield tag="LDR">00000cam  2200493 i 4500</controlfield>
      <controlfield tag="001">004167184</controlfield>
      <controlfield tag="003">OCoLC</controlfield>
      <controlfield tag="005">20150813120822.0</controlfield>
      <controlfield tag="008">150813s2013    cc a     b    100 0 chi d</controlfield>
      <datafield tag="020" ind1=" " ind2=" ">
         <subfield code="a">9787501038435</subfield>
      </datafield>
      <datafield tag="020" ind1=" " ind2=" ">
         <subfield code="a">7501038430</subfield>
      </datafield>
      <datafield tag="035" ind1=" " ind2=" ">
         <subfield code="a">(OCoLC)860949416</subfield>
      </datafield>
      <datafield tag="040" ind1=" " ind2=" ">
         <subfield code="a">BCBTC</subfield>
         <subfield code="b">eng</subfield>
         <subfield code="e">rda</subfield>
         <subfield code="c">BCBTC</subfield>
         <subfield code="d">OCLCQ</subfield>
         <subfield code="d">YUS</subfield>
         <subfield code="d">OCLCO</subfield>
         <subfield code="d">ZYU</subfield>
         <subfield code="d">NNU</subfield>
      </datafield>
      <datafield tag="043" ind1=" " ind2=" ">
         <subfield code="a">a-cc---</subfield>
      </datafield>
      <datafield tag="050" ind1=" " ind2="4">
         <subfield code="a">DS715</subfield>
         <subfield code="b">.C5367 2012</subfield>
      </datafield>
      <datafield tag="066" ind1=" " ind2=" ">
         <subfield code="c">$1</subfield>
      </datafield>
      <datafield tag="110" ind1="2" ind2=" ">
         <subfield code="6">880-01</subfield>
         <subfield code="a">Zhongguo kao gu xue hui.</subfield>
         <subfield code="b">Nian hui</subfield>
         <subfield code="n">(15th :</subfield>
         <subfield code="d">2012),</subfield>
         <subfield code="e">author.</subfield>
      </datafield>
      <datafield tag="245" ind1="1" ind2="0">
         <subfield code="6">880-02</subfield>
         <subfield code="a">Zhongguo kao gu xue hui di shi wu ci nian hui lun wen ji.</subfield>
         <subfield code="n">2012 /</subfield>
         <subfield code="c">Zhongguo kao gu xue hui bian ji.</subfield>
      </datafield>
      <datafield tag="246" ind1="3" ind2=" ">
         <subfield code="6">880-03</subfield>
         <subfield code="a">Zhongguo kao gu xue hui di 15 ci nian hui lun wen ji, 2012</subfield>
      </datafield>
      <datafield tag="250" ind1=" " ind2=" ">
         <subfield code="6">880-04</subfield>
         <subfield code="a">Di 1 ban.</subfield>
      </datafield>
      <datafield tag="264" ind1=" " ind2="1">
         <subfield code="6">880-05</subfield>
         <subfield code="a">Beijing Shi :</subfield>
         <subfield code="b">Wen wu chu ban she,</subfield>
         <subfield code="c">2013.</subfield>
      </datafield>
      <datafield tag="300" ind1=" " ind2=" ">
         <subfield code="a">3, 10, 657 pages :</subfield>
         <subfield code="b">illustrations ;</subfield>
         <subfield code="c">26 cm</subfield>
      </datafield>
      <datafield tag="336" ind1=" " ind2=" ">
         <subfield code="a">text</subfield>
         <subfield code="b">txt</subfield>
         <subfield code="2">rdacontent</subfield>
      </datafield>
      <datafield tag="337" ind1=" " ind2=" ">
         <subfield code="a">unmediated</subfield>
         <subfield code="b">n</subfield>
         <subfield code="2">rdamedia</subfield>
      </datafield>
      <datafield tag="338" ind1=" " ind2=" ">
         <subfield code="a">volume</subfield>
         <subfield code="b">nc</subfield>
         <subfield code="2">rdacarrier</subfield>
      </datafield>
      <datafield tag="504" ind1=" " ind2=" ">
         <subfield code="a">Includes bibliographical references.</subfield>
      </datafield>
      <datafield tag="505" ind1="0" ind2="0">
         <subfield code="6">880-06</subfield>
         <subfield code="t">Nihewan Pendi Nihewan di ceng zhong fa xian de jiu shi qi shi dai yi zhi /</subfield>
         <subfield code="r">Wang Fagang, Xie Fei --</subfield>
         <subfield code="t">Tianjin jiu shi qi cai ban liao ji jiu shi qi gong ye lei xing chu bu yan jiu : jian lun yu huan Bo Hai di qu shi qi gong ye zhi jian de guan xi /</subfield>
         <subfield code="r">Sheng Lishuang, Wang Chunxue --</subfield>
         <subfield code="t">Shizitan yu Nanzhuangtou /</subfield>
         <subfield code="r">Tian Jianwen --</subfield>
         <subfield code="t">Huan Bo Hai bei jing xia de Liao bei shi qian kao gu xue wen hua bian qian /</subfield>
         <subfield code="r">Zhou Xiangyong --</subfield>
         <subfield code="t">Huang Bo Hai liang an kao gu xue wen hua yu gu zu guan xi /</subfield>
         <subfield code="r">Wang Yongbo --</subfield>
         <subfield code="t">Langfang Diqu shi qian yi cun de fa xian yu yan jiu /</subfield>
         <subfield code="r">Liu Huacheng, Chen Zhuoran, Li Mingqin --</subfield>
         <subfield code="t">Xizhai yi zhi zai ren shi : jian tan ju jin liu qi qian nian jian Yan Shan nan be iwen hua ge ju de xing chen yu yan bian /</subfield>
         <subfield code="r">Zhang Xingde --</subfield>
         <subfield code="t">Yan Shan nan lu tong xing guan yi cun chu tan /</subfield>
         <subfield code="r">Guo Ming --</subfield>
         <subfield code="t">Xiaozhushan xia ceng wen hua xin lun : Liaodong Bandao zhi zi wen tao qi yi cun de zheng he yan jiu /</subfield>
         <subfield code="r">Zhao Binfu, Liu Wei, Du Zhanwei --</subfield>
      </datafield>
      <datafield tag="505" ind1="0" ind2="0">
         <subfield code="6">880-07</subfield>
         <subfield code="t">Liaodong Bandao gong yuan qin 3000 nian cun qian hou kao gu xue wen hua xian xiang chu tan /</subfield>
         <subfield code="r">Wang Sizhou --</subfield>
         <subfield code="t">Lun Shuangtuozi yi qi wen hua /</subfield>
         <subfield code="r">Zhang Cuimin --</subfield>
         <subfield code="t">Ji nan Yu bei di qu Longshan shi dai zao qi wen hua chu tan /</subfield>
         <subfield code="r">Qiao Dengyun --</subfield>
         <subfield code="t">Erlitou wen hua shi qi huan Bo Hai di qu qu wen hua hu dong de kao gu xue guan cha /</subfield>
         <subfield code="r">Duan Tianjing --</subfield>
         <subfield code="t">Ji zhong di qu Xia zhi zao Shang shi qi de kau gu xue wen hua /</subfield>
         <subfield code="r">Xu Haifeng --</subfield>
         <subfield code="t">Shi lun Handan Diqu Zhang He xing Xiaqiyuan wen hua yi cun /</subfield>
         <subfield code="r">Zhang Xiaozheng --</subfield>
         <subfield code="t">Shang dai ji si zhong "Hui miao" yi ji jia shuo : cong Zhengzhou Xiaoshuangqiao yi zhi chu tu qing tong gou jian tan qi /</subfield>
         <subfield code="r">He Yanjie --</subfield>
         <subfield code="t">Xinyue shang ceng wen hua ju luo xing tai chu shi /</subfield>
         <subfield code="r">Zhao Xiaogang --</subfield>
         <subfield code="t">Lüe lun Dadu He liu yu Shang Zhou jiao cang tong qi de nian dai ji xiang guan wen ti /</subfield>
         <subfield code="r">Hu Chuansong --</subfield>
         <subfield code="t">Lun qi ma shu zai bei fang di dai de chu xian he kuo zhan /</subfield>
         <subfield code="r">Han Jinqiu --</subfield>
         <subfield code="t">Jing He shang you Xi Zhou shi qi Yin yi min mu zang yan jiu /</subfield>
         <subfield code="r">Liang Yun --</subfield>
      </datafield>
      <datafield tag="505" ind1="0" ind2="0">
         <subfield code="6">880-08</subfield>
         <subfield code="t">Xi Zhou Jing (Xing) shi zu xing yu yuan liu tan xi /</subfield>
         <subfield code="r">Pang Xiaoxia --</subfield>
         <subfield code="t">Jiaodong Diqu Zhou dai di fang wen hua yi cun yan jiu /</subfield>
         <subfield code="r">Wang Fuqiang, Yan Xudong, Diao Peng --</subfield>
         <subfield code="t">Yan wen hua tan yuan /</subfield>
         <subfield code="r">Shi Lei --</subfield>
         <subfield code="t">Shandong Diqu Yan wen hua yi cun fen xi /</subfield>
         <subfield code="r">Liu Yanchang, Xu Qianqian, Li Fengqin --</subfield>
         <subfield code="t">Shi tan Yuhuangmiao mu di suo biao shu de she hui shang ceng /</subfield>
         <subfield code="r">Hong Meng --</subfield>
         <subfield code="t">Yan Xiadu yu Lingshoucheng yi tong bi jiao ji qi cheng yin shi xi /</subfield>
         <subfield code="r">Xu Wenying --</subfield>
         <subfield code="t">Lun Zhang guo Zhongshan Lingshoucheng zhong de "市" /</subfield>
         <subfield code="r">Lei Jianhong, Chen Wei --</subfield>
         <subfield code="t">Yingqiu kao yi : Changyue Yinglingcheng xin tan /</subfield>
         <subfield code="r">Wei Chengmin --</subfield>
         <subfield code="t">Qi hou Zizhong Jiang li xiao kao /</subfield>
         <subfield code="r">Cao Jinyan --</subfield>
         <subfield code="t">Zhongguo gu dai mu zang zhong fu qi zang wen ji zun bei /</subfield>
         <subfield code="r">Wang Huimin, Ma Dongqing --</subfield>
         <subfield code="t">Hebei Sheng gu dai Changcheng zong he yan jiu /</subfield>
         <subfield code="r">Zheng Shaozong --</subfield>
         <subfield code="t">Mangcheng Han mu zhu hou wang ji nian min wen xin tan /</subfield>
         <subfield code="r">Qin Jincai --</subfield>
         <subfield code="t">Jin Jing Ji di qu liang Han zhu hou wang mu sui zang tao qi he che ma yan jiu /</subfield>
         <subfield code="r">Xiang Jun --</subfield>
      </datafield>
      <datafield tag="505" ind1="0" ind2="0">
         <subfield code="6">880-09</subfield>
         <subfield code="t">Hebei Yuan shi Longzheng yi zhi yu Han Changshan jun (guo) kao gu /</subfield>
         <subfield code="r">Zhang Tongxin, Wang Bin --</subfield>
         <subfield code="t">Xi Han lin zhi jin bian xi /</subfield>
         <subfield code="r">Hu Jinhua --</subfield>
         <subfield code="t">Han dai chu tu tao yuan lu de fa xian yu yan jiu /</subfield>
         <subfield code="r">Wei Shuguang --</subfield>
         <subfield code="t">Bei chao Fo jiao si yuan fen bu yu fo dian deng ji yan jiu er ti /</subfield>
         <subfield code="r">Wu Guibing --</subfield>
         <subfield code="t">Kao gu xue shi ye xia de Dong Ya zao qi jian zhu wen hua de chuan bo he fa zhan : yi mu zang jia nzhu yi shu wei li /</subfield>
         <subfield code="r">Wang Yuanlin --</subfield>
         <subfield code="t">Guo nei cheng shi jian nian dai zai tan tao /</subfield>
         <subfield code="r">Wang Zhigang --</subfield>
         <subfield code="t">Gaogouli dai kou yan jiu /</subfield>
         <subfield code="r">Liang Zhilong, Jin Jun --</subfield>
         <subfield code="t">Hebei Longyao Tang ling pin mian ge ju ji ming cheng kao lüe /</subfield>
         <subfield code="r">Guo Jiqiao --</subfield>
         <subfield code="t">Shi xi Bo Hai wen hua zhong de Han wen hua yin su fen xi /</subfield>
         <subfield code="r">Yao Yueyin --</subfield>
         <subfield code="t">Wo guo bei fang ci qi chu xian ji xiang guan wen ti de chu bu yan jiu : yi yao zhi wei zhong xin /</subfield>
         <subfield code="r">Wang Jianbao, Zhang Maolin --</subfield>
         <subfield code="t">Yi zu Wu dai jing xing yao tao ci qi de shi du : Panlong ya guan qi Li shi mu de ci qi, san cai qi ji mu zhi /</subfield>
         <subfield code="r">Liu Chengwen, Meng Fanfeng --</subfield>
      </datafield>
      <datafield tag="505" ind1="0" ind2="0">
         <subfield code="6">880-10</subfield>
         <subfield code="t">Ru Zhou yi zhi guang shu jian zhu yi wu ji xiang guan wen ti /</subfield>
         <subfield code="r">Hu Qiang --</subfield>
         <subfield code="t">Jin mu zhong suo jian"Mu zhu ren" tu xiang shi xi /</subfield>
         <subfield code="r">Zhao Yongjun --</subfield>
         <subfield code="t">Liaoyang Shi Ming dai cheng zhi diao cha yu yan jiu /</subfield>
         <subfield code="r">Liu Ming, Wu Yanliang, Chen Shan --</subfield>
         <subfield code="t">Zhongguo jia zhu de qi yuan xun hua yan jiu : lai zi Cishan yi zhi gu dai zhu yi cun de xin xi /</subfield>
         <subfield code="r">Tong Jianqiang, Xiang Hai, Zhang Youwen, Zhao Xingbo --</subfield>
         <subfield code="t">Ling gui shi ying : Hua bei xian Qin e gu yi cun jie xi /</subfield>
         <subfield code="r">Luo Yunbing --</subfield>
         <subfield code="t">Shandong Diqu xin shi qi shi dai chu tu yu gu yan jiu /</subfield>
         <subfield code="r">Song Yanbo, Rao Xiaoyan --</subfield>
         <subfield code="t">Guan yu wo guo zhan kai yan ye kao gu de xian suo yu qi shi /</subfield>
         <subfield code="r">Wang Qing --</subfield>
         <subfield code="t">Qi guo zhi yan ye tan xi : cong Changye yan ye dia cha tan qi /</subfield>
         <subfield code="r">Dang Hao --</subfield>
         <subfield code="t">Guan yu bei fangg xi qing tong qi ke xue fen xi yan jiu de ji ge wen ti /</subfield>
         <subfield code="r">Liu Jianyu, Mei Jianjun, Chen Kunlong, Qiao Jianjun, Ma Mingzhi, Shao Anding.</subfield>
      </datafield>
      <datafield tag="651" ind1=" " ind2="0">
         <subfield code="a">China</subfield>
         <subfield code="x">Antiquities</subfield>
         <subfield code="v">Congresses.</subfield>
      </datafield>
      <datafield tag="650" ind1=" " ind2="7">
         <subfield code="a">Antiquities.</subfield>
         <subfield code="2">fast</subfield>
         <subfield code="0">(OCoLC)fst00810745</subfield>
      </datafield>
      <datafield tag="651" ind1=" " ind2="7">
         <subfield code="a">China.</subfield>
         <subfield code="2">fast</subfield>
         <subfield code="0">(OCoLC)fst01206073</subfield>
      </datafield>
      <datafield tag="655" ind1=" " ind2="7">
         <subfield code="a">Conference proceedings.</subfield>
         <subfield code="2">fast</subfield>
         <subfield code="0">(OCoLC)fst01423772</subfield>
      </datafield>
      <datafield tag="710" ind1="2" ind2=" ">
         <subfield code="6">880-11</subfield>
         <subfield code="a">Zhongguo kao gu xue hui,</subfield>
         <subfield code="e">editor.</subfield>
      </datafield>
      <datafield tag="880" ind1="2" ind2=" ">
         <subfield code="6">110-01/</subfield>
         <subfield code="a">中国考古学会.</subfield>
         <subfield code="b">年会</subfield>
         <subfield code="n">(145h :</subfield>
         <subfield code="d">2012),</subfield>
         <subfield code="e">author.</subfield>
      </datafield>
      <datafield tag="880" ind1="1" ind2="0">
         <subfield code="6">245-02/</subfield>
         <subfield code="a">中国考古学会第十五次年会论文集.</subfield>
         <subfield code="n">2012 /</subfield>
         <subfield code="c">中国考古学会编辑.</subfield>
      </datafield>
      <datafield tag="880" ind1="3" ind2=" ">
         <subfield code="6">246-03/</subfield>
         <subfield code="a">中国考古学会第15次年会论文集, 2012</subfield>
      </datafield>
      <datafield tag="880" ind1=" " ind2=" ">
         <subfield code="6">250-04/</subfield>
         <subfield code="a">第1版.</subfield>
      </datafield>
      <datafield tag="880" ind1=" " ind2="1">
         <subfield code="6">264-05/</subfield>
         <subfield code="a">北京市 :</subfield>
         <subfield code="b">文物出版社,</subfield>
         <subfield code="c">2013.</subfield>
      </datafield>
      <datafield tag="880" ind1="0" ind2="0">
         <subfield code="6">505-06/</subfield>
         <subfield code="t">泥河湾盆地泥河湾层中发现的旧石器时代遗址 /</subfield>
         <subfield code="r">王法岗, 谢飞 --</subfield>
         <subfield code="t">天津地区旧石器材半料及石器工业类型初步研究 : 兼论与环渤海地区石器工业之间的关系 /</subfield>
         <subfield code="r">盛立双, 王春雪 --</subfield>
         <subfield code="t">柿子滩与南庄头 /</subfield>
         <subfield code="r">田建文 --</subfield>
         <subfield code="t">环渤海背景下的辽北史前考古学文化变迁 /</subfield>
         <subfield code="r">周向永 --</subfield>
         <subfield code="t">黄渤海两岸考古学文化与古族关系 /</subfield>
         <subfield code="r">王永波 --</subfield>
         <subfield code="t">廊坊地区史前遗存的发现与研究 /</subfield>
         <subfield code="r">刘化成, 陈卓然, 李明琴 --</subfield>
         <subfield code="t">西寨遗址再认识 : 兼谈距今六七千年间燕山南北文化格局的形成与演变 /</subfield>
         <subfield code="r">张星德 --</subfield>
         <subfield code="t">燕山南麓筒形罐遗存初探 /</subfield>
         <subfield code="r">郭明 --</subfield>
         <subfield code="t">小珠山下层文化新论 : 辽东半岛含之字纹陶器遗存的整合研究 /</subfield>
         <subfield code="r">赵宾福, 刘伟, 杜战伟 --</subfield>
      </datafield>
      <datafield tag="880" ind1="0" ind2="0">
         <subfield code="6">505-07/</subfield>
         <subfield code="t">辽东半岛公元前3000年存前后考古学文化现象初杉探 /</subfield>
         <subfield code="r">王嗣洲 --</subfield>
         <subfield code="t">论双砣子一期文化 /</subfield>
         <subfield code="r">张翠敏 --</subfield>
         <subfield code="t">冀南豫北地区龙山时代早期文化初探 /</subfield>
         <subfield code="r">乔登云 --</subfield>
         <subfield code="t">二里头文化时期环渤海地区区文化互动的考古学观察 /</subfield>
         <subfield code="r">段天璟 --</subfield>
         <subfield code="t">冀中地区夏至早商时期的考古学文化 /</subfield>
         <subfield code="r">徐海峰 --</subfield>
         <subfield code="t">试论邯郸地区漳河型下七垣文化遗存 /</subfield>
         <subfield code="r">张晓峥 --</subfield>
         <subfield code="t">商代祭祀中"毀庙"遗迹假说 : 从郑州小双桥遗址出土青铜构件谈起 /</subfield>
         <subfield code="r">何艳杰 --</subfield>
         <subfield code="t">新乐上层文化聚落形态初识 /</subfield>
         <subfield code="r">赵晓刚 --</subfield>
         <subfield code="t">略论大凌河流域商周窖藏铜器的年代及相关问题 /</subfield>
         <subfield code="r">胡传耸 --</subfield>
         <subfield code="t">论骑马术在北方地带的出现和扩展 /</subfield>
         <subfield code="r">韩金秋 --</subfield>
         <subfield code="t">泾河上游西周时期殷遗民墓葬研究 /</subfield>
         <subfield code="r">梁云 --</subfield>
      </datafield>
      <datafield tag="880" ind1="0" ind2="0">
         <subfield code="6">505-08/</subfield>
         <subfield code="t">西周井(邢)氏族姓与渊流探析 /</subfield>
         <subfield code="r">庞小霞 --</subfield>
         <subfield code="t">胶东地区周代地方文化遗存研究 /</subfield>
         <subfield code="r">王富强, 闫旭东, 刁鹏 --</subfield>
         <subfield code="t">燕文化探源 /</subfield>
         <subfield code="r">石磊 --</subfield>
         <subfield code="t">山东地区燕文化遗存分析 /</subfield>
         <subfield code="r">刘延常, 徐倩倩, 李凤琴 --</subfield>
         <subfield code="t">试探玉皇庙墓地所表述的社会上层 /</subfield>
         <subfield code="r">洪猛 --</subfield>
         <subfield code="t">燕下都与灵寿城异同比较及其成因试析 /</subfield>
         <subfield code="r">徐文英 --</subfield>
         <subfield code="t">论战国中山灵寿城的"市" /</subfield>
         <subfield code="r">雷建红, 陈伟 --</subfield>
         <subfield code="t">营丘考疑 : 昌乐营陵城新探 /</subfield>
         <subfield code="r">魏成敏 --</subfield>
         <subfield code="t">齐侯子仲姜鬲小考 /</subfield>
         <subfield code="r">曹锦炎 --</subfield>
         <subfield code="t">中国古代墓葬中夫妻葬位及尊卑 /</subfield>
         <subfield code="r">王会民, 马冬青 --</subfield>
         <subfield code="t">河北省古代长城综合研究 /</subfield>
         <subfield code="r">郑绍宗 --</subfield>
         <subfield code="t">满城汉墓诸侯王纪年铭文新探 /</subfield>
         <subfield code="r">秦进才 --</subfield>
         <subfield code="t">京津冀地区两汉诸侯王墓随葬陶器和车马研究 /</subfield>
         <subfield code="r">相军 --</subfield>
      </datafield>
      <datafield tag="880" ind1="0" ind2="0">
         <subfield code="6">505-09/</subfield>
         <subfield code="t">河北元氏龙正遗址与汉常山郡(国)考古 /</subfield>
         <subfield code="r">张童心, 王斌 --</subfield>
         <subfield code="t">西汉麟趾金辨析 /</subfield>
         <subfield code="r">胡金华 --</subfield>
         <subfield code="t">汉代出土陶圆炉的发现与研究 /</subfield>
         <subfield code="r">魏曙光 --</subfield>
         <subfield code="t">北朝佛教寺院布局与佛殿等级研究二题 /</subfield>
         <subfield code="r">吴桂兵 --</subfield>
         <subfield code="t">考古学视野下的东亚早期建筑文化的传播和发展 : 以墓葬建筑艺术为例 /</subfield>
         <subfield code="r">王元林 --</subfield>
         <subfield code="t">国内城始建年代再探讨 /</subfield>
         <subfield code="r">王志刚 --</subfield>
         <subfield code="t">高句丽带扣研究 /</subfield>
         <subfield code="r">梁志龙, 靳军 --</subfield>
         <subfield code="t">河北隆尧唐陵平面格局暨名称考略 /</subfield>
         <subfield code="r">郭济桥 --</subfield>
         <subfield code="t">试析渤海文化中的汉文化因素 /</subfield>
         <subfield code="r">姚乐音 --</subfield>
         <subfield code="t">我国北方瓷器出现及相关问题的初步研究 : 以窑址为中心 /</subfield>
         <subfield code="r">王建保, 张茂林 --</subfield>
         <subfield code="t">一组五代井陉窑陶瓷器的释读 : 盘龙冶押官妻李氏墓的瓷器、三彩器及墓志 /</subfield>
         <subfield code="r">刘成文, 孟繁峰 --</subfield>
      </datafield>
      <datafield tag="880" ind1="0" ind2="0">
         <subfield code="6">505-10/</subfield>
         <subfield code="t">洺州遗址官署建筑遗物及相关问题 /</subfield>
         <subfield code="r">胡强 --</subfield>
         <subfield code="t">金墓中所见"墓主人"图像释析 /</subfield>
         <subfield code="r">赵永军 --</subfield>
         <subfield code="t">辽阳市明代城址调查与研究 /</subfield>
         <subfield code="r">刘明，吴炎亮， 陈山 --</subfield>
         <subfield code="t">中国家猪的起源驯化研究 : 来自磁山遗址古代猪遗存的信息 /</subfield>
         <subfield code="r">筒建强， 向海， 张有文， 赵兴波 --</subfield>
         <subfield code="t">灵鼍史影 : 华北先秦鳄骨遗存解析 /</subfield>
         <subfield code="r">罗运兵 --</subfield>
         <subfield code="t">山东地区新石器时代出土鱼骨研究 /</subfield>
         <subfield code="r">宋艳波, 饶小艳 --</subfield>
         <subfield code="t">关于我国开展盐业考古的线索与启示 /</subfield>
         <subfield code="r">王青 --</subfield>
         <subfield code="t">齐国制盐业探析 : 从昌邑盐业调查谈起 /</subfield>
         <subfield code="r">党浩 --</subfield>
         <subfield code="t">关于北方系青铜器科学分析研究的几个问题 /</subfield>
         <subfield code="r">刘建宇, 梅建军, 陈坤龙, 乔建军, 马明志, 邵安定.</subfield>
      </datafield>
      <datafield tag="880" ind1="2" ind2=" ">
         <subfield code="6">710-11/</subfield>
         <subfield code="a">中国考古学会,</subfield>
         <subfield code="e">editor.</subfield>
      </datafield>
      <datafield tag="994" ind1=" " ind2=" ">
         <subfield code="a">Z0</subfield>
         <subfield code="b">ZYU</subfield>
      </datafield>
      <datafield tag="OWN" ind1=" " ind2=" ">
         <subfield code="a">GENERAL</subfield>
      </datafield>
      <datafield tag="AVA" ind1=" " ind2=" ">
         <subfield code="a">NYU50</subfield>
         <subfield code="b">NISAW</subfield>
         <subfield code="c">Small Collection</subfield>
         <subfield code="d">DS715 .C5367 2012</subfield>
         <subfield code="e">available</subfield>
         <subfield code="t">Available</subfield>
         <subfield code="f">1</subfield>
         <subfield code="g">0</subfield>
         <subfield code="h">N</subfield>
         <subfield code="i">0</subfield>
         <subfield code="j">SMALL</subfield>
         <subfield code="k">0</subfield>
      </datafield>
      <marc:datafield tag="852" ind1=" " ind2=" ">
         <marc:subfield code="b">Institute for the Study of the Ancient World, </marc:subfield>
         <marc:subfield code="c">Small Collection</marc:subfield>
         <marc:subfield code="e">15 East 84th St., </marc:subfield>
         <marc:subfield code="e">New York, NY  10028</marc:subfield>
      </marc:datafield>
   </record>