
  
  
  
  
  
  
 
  
  <record xsi:schemaLocation="http://www.loc.gov/MARC21/slim http://www.loc.gov/standards/marcxml/schema/MARC21slim.xsd">
      <leader>00000cam  22005295  4500</leader>
      <controlfield tag="FMT">BK</controlfield>
      <controlfield tag="LDR">00000cam  22005295  4500</controlfield>
      <controlfield tag="001">004167142</controlfield>
      <controlfield tag="003">OCoLC</controlfield>
      <controlfield tag="005">20150813095316.0</controlfield>
      <controlfield tag="008">150813s2011    cc ab    b    100 0 chi d</controlfield>
      <datafield tag="020" ind1=" " ind2=" ">
         <subfield code="a">9787501032907 :</subfield>
         <subfield code="c">RMB125.00</subfield>
      </datafield>
      <datafield tag="020" ind1=" " ind2=" ">
         <subfield code="a">7501032904 :</subfield>
         <subfield code="c">RMB125.00</subfield>
      </datafield>
      <datafield tag="035" ind1=" " ind2=" ">
         <subfield code="a">(OCoLC)761194840</subfield>
      </datafield>
      <datafield tag="040" ind1=" " ind2=" ">
         <subfield code="a">BCBTC</subfield>
         <subfield code="c">BCBTC</subfield>
         <subfield code="d">EYM</subfield>
         <subfield code="d">CCHGZ</subfield>
         <subfield code="d">OCLCF</subfield>
         <subfield code="d">ZYU</subfield>
         <subfield code="d">NNU</subfield>
      </datafield>
      <datafield tag="043" ind1=" " ind2=" ">
         <subfield code="a">a-cc---</subfield>
      </datafield>
      <datafield tag="050" ind1=" " ind2="4">
         <subfield code="a">DS715</subfield>
         <subfield code="b">.C5367 2010</subfield>
      </datafield>
      <datafield tag="066" ind1=" " ind2=" ">
         <subfield code="c">$1</subfield>
      </datafield>
      <datafield tag="082" ind1="1" ind2="4">
         <subfield code="a">931</subfield>
         <subfield code="2">22</subfield>
      </datafield>
      <datafield tag="084" ind1=" " ind2=" ">
         <subfield code="a">K870.4</subfield>
         <subfield code="2">clc</subfield>
      </datafield>
      <datafield tag="110" ind1="2" ind2=" ">
         <subfield code="6">880-01</subfield>
         <subfield code="a">Zhongguo kao gu xue hui.</subfield>
         <subfield code="b">Nian hui</subfield>
         <subfield code="n">(13th :</subfield>
         <subfield code="d">2010 :</subfield>
         <subfield code="c">Wuhan, China)</subfield>
      </datafield>
      <datafield tag="245" ind1="1" ind2="0">
         <subfield code="6">880-02</subfield>
         <subfield code="a">Zhongguo kao gu xue hui di shi san ci nian hui lun wen ji.</subfield>
         <subfield code="n">2010 /</subfield>
         <subfield code="c">Zhongguo kao gu xue hui bian ji.</subfield>
      </datafield>
      <datafield tag="246" ind1="3" ind2=" ">
         <subfield code="6">880-03</subfield>
         <subfield code="a">Zhongguo kao gu xue hui di 13 ci nian hui lun wen ji, 2010</subfield>
      </datafield>
      <datafield tag="250" ind1=" " ind2=" ">
         <subfield code="6">880-04</subfield>
         <subfield code="a">Di 1 ban.</subfield>
      </datafield>
      <datafield tag="260" ind1=" " ind2=" ">
         <subfield code="6">880-05</subfield>
         <subfield code="a">Beijing :</subfield>
         <subfield code="b">Wen wu chu ban she,</subfield>
         <subfield code="c">2011.</subfield>
      </datafield>
      <datafield tag="300" ind1=" " ind2=" ">
         <subfield code="a">2, 4, 312 p. :</subfield>
         <subfield code="b">ill., maps ;</subfield>
         <subfield code="c">26 cm.</subfield>
      </datafield>
      <datafield tag="500" ind1=" " ind2=" ">
         <subfield code="6">880-06</subfield>
         <subfield code="a">Zhongguo kao gu xue hui di 13 ci nian hui yu 2010 nian 11 yue 25 ri zhi 26 ri zai Wuhan zhao kai ; hui yi de zhong xin yi ti shi "San Xia di qu kao gu fa xian yu yan jiu ji ji nian Xia Ding xian sheng dan chen 100 zhou nian."</subfield>
      </datafield>
      <datafield tag="504" ind1=" " ind2=" ">
         <subfield code="a">Includes bibliographical references.</subfield>
      </datafield>
      <datafield tag="505" ind1="0" ind2="0">
         <subfield code="6">880-07</subfield>
         <subfield code="t">Guan yu pei he Chang Jiang San xia shui ku kao gu gong zuo qing kuang de hui bao /</subfield>
         <subfield code="r">Shi Xingbang --</subfield>
         <subfield code="t">San xia kao gu de hui gu yu qi shi /</subfield>
         <subfield code="r">Qiao Liang --</subfield>
         <subfield code="t">San xia ku qu de zhu yao kao gu shou huo /</subfield>
         <subfield code="r">Wang Fengzhu --</subfield>
         <subfield code="t">Wen hua bia nqian yu wen hua chuan tong: San xia di qu de xin shi qi shi dai wen hua /</subfield>
         <subfield code="r">Meng Huapin --</subfield>
         <subfield code="t">San xia ku qu de xin shi qi kao gu xue wen hua ji qi bian nian /</subfield>
         <subfield code="r">Li Shuicheng --</subfield>
         <subfield code="t">Shi lun Yuxi shang ceng wen hua /</subfield>
         <subfield code="r">Bai Jiujiang, Zou Houxi --</subfield>
         <subfield code="t">Guan yu Shaopengzui wen hua de ji ge wen tu /</subfield>
         <subfield code="r">Jiang Zhanghua --</subfield>
         <subfield code="t">Daxi wen hua cai tao shuo yuan /</subfield>
         <subfield code="r">Wang Renxiang --</subfield>
         <subfield code="t">Daxi wen hua yu qi yan jiu /</subfield>
         <subfield code="r">Yuan Wenqing --</subfield>
         <subfield code="t">Chang Jiang San xia di qu yuan gu shi qi jia chu si yang /</subfield>
         <subfield code="r">Yang Hua --</subfield>
         <subfield code="t">San xia di qu dong wu kao gu xue yan jiu jian shi /</subfield>
         <subfield code="r">Luo Yunbing --</subfield>
         <subfield code="t">San xia di qu zao qi Chu wen hua yan jiu /</subfield>
         <subfield code="r">Zhang Changping --</subfield>
         <subfield code="t">Zigui Miaoping ji Wu Shan Shuangyantang tao li de nian dai he wen hua shu xing /</subfield>
         <subfield code="r">Huang Fengchun --</subfield>
         <subfield code="t">E xi nan di qu Xi Zhou "Li" lei yi cun yu Chu wen hua de guan xi /</subfield>
         <subfield code="r">Wang Ran, Deng Qijiang --</subfield>
         <subfield code="t">E xi di qu liang Han mu zang de wen hua yin su fen xi ji wen hua fa zhan guo cheng /</subfield>
         <subfield code="r">余静</subfield>
      </datafield>
      <datafield tag="505" ind1="0" ind2="0">
         <subfield code="6">880-08</subfield>
         <subfield code="t">Xia jiang ya dong yi cun yu Hua nan zao qi "Dong man" ju luo ren wen /</subfield>
         <subfield code="r">Tong Shan, Wu Chunming --</subfield>
         <subfield code="t">Xia jiang di qu Qing dai cheng zhi lei xing lun gang /</subfield>
         <subfield code="r">Huo Dongfeng, Zhao Yongjun --</subfield>
         <subfield code="t">Tang Song shi qi San xia di qu yi min shi ji kao cha: yi Xiahetuo wei dui xiang /</subfield>
         <subfield code="r">Wu Xiaoping --</subfield>
         <subfield code="t">Yanhe Xian Xiaohekou xin shi qi shi dai wen hua yi zhi zhi shi zhi pin yan jiu /</subfield>
         <subfield code="r">Wang Xinjin --</subfield>
         <subfield code="t">Quan xin shi zao zhong qi huan jing xia de Kuanhuqiao yu Hemudu wen hua guan xi /</subfield>
         <subfield code="r">Sun Guoping --</subfield>
         <subfield code="t">Dazuizi yi zhi he Shuangtuozi yizhi wan qi yi cun shi xi: jian lun Shuangtuozi san zi wen hua yi zhi cai liao de fen duan he nian dai /</subfield>
         <subfield code="r">Zhao Binfu, Cong Dexin --</subfield>
         <subfield code="t">Zeng Hou yu jian xiao kao /</subfield>
         <subfield code="r">Cao Jinyan --</subfield>
         <subfield code="t">Yi jian Han dai tong deng de chu bu yan jiu /</subfield>
         <subfield code="r">Zhao Fengyan, Li Shuzhen, Guo Yongqi --</subfield>
         <subfield code="t">Guanxi chu tu de Han dai qian bei bo li yan jiu /</subfield>
         <subfield code="r">Xiong Zhaoming, Li Qinghui --</subfield>
         <subfield code="t">Xiangfan Fan cheng cai yue San guo mu zhu shi kao /</subfield>
         <subfield code="r">Ye Zhi, Wei Hangkong --</subfield>
         <subfield code="t">Liang hu di qu Sui mu shi er chen tu xiang de te zhi ji qi ying xiang /</subfield>
         <subfield code="r">Wang Yuanlin.</subfield>
      </datafield>
      <datafield tag="651" ind1=" " ind2="0">
         <subfield code="a">China</subfield>
         <subfield code="x">Antiquities</subfield>
         <subfield code="v">Congresses.</subfield>
      </datafield>
      <datafield tag="650" ind1=" " ind2="7">
         <subfield code="a">Antiquities.</subfield>
         <subfield code="2">fast</subfield>
         <subfield code="0">(OCoLC)fst00810745</subfield>
      </datafield>
      <datafield tag="651" ind1=" " ind2="7">
         <subfield code="a">China.</subfield>
         <subfield code="2">fast</subfield>
         <subfield code="0">(OCoLC)fst01206073</subfield>
      </datafield>
      <datafield tag="655" ind1=" " ind2="7">
         <subfield code="a">Conference proceedings.</subfield>
         <subfield code="2">fast</subfield>
         <subfield code="0">(OCoLC)fst01423772</subfield>
      </datafield>
      <datafield tag="710" ind1="2" ind2=" ">
         <subfield code="6">880-09</subfield>
         <subfield code="a">Zhongguo kao gu xue hui.</subfield>
      </datafield>
      <datafield tag="880" ind1="2" ind2=" ">
         <subfield code="6">110-01/</subfield>
         <subfield code="a">中国考古学会 .</subfield>
         <subfield code="b">年会</subfield>
         <subfield code="n">(13th :</subfield>
         <subfield code="d">2010 :</subfield>
         <subfield code="c">Wuhan, China)</subfield>
      </datafield>
      <datafield tag="880" ind1="1" ind2="0">
         <subfield code="6">245-02/</subfield>
         <subfield code="a">中国考古学会第十三次年会论文集.</subfield>
         <subfield code="n">2010 /</subfield>
         <subfield code="c">中国考古学会编辑.</subfield>
      </datafield>
      <datafield tag="880" ind1="3" ind2=" ">
         <subfield code="6">246-03/</subfield>
         <subfield code="a">中国考古学会第13次年会论文集, 2010</subfield>
      </datafield>
      <datafield tag="880" ind1=" " ind2=" ">
         <subfield code="6">250-04/</subfield>
         <subfield code="a">第1版.</subfield>
      </datafield>
      <datafield tag="880" ind1=" " ind2=" ">
         <subfield code="6">260-05/</subfield>
         <subfield code="a">北京 :</subfield>
         <subfield code="b">文物出版社,</subfield>
         <subfield code="c">2011.</subfield>
      </datafield>
      <datafield tag="880" ind1=" " ind2=" ">
         <subfield code="6">500-06/</subfield>
         <subfield code="a">中国考古学会第13次年会于2010年11月25日至26日在武汉召开 ; 会议的中心议题是 "三峡地区考古发现与研究暨纪念夏鼎先生诞辰100周年."</subfield>
      </datafield>
      <datafield tag="880" ind1="0" ind2="0">
         <subfield code="6">505-07/</subfield>
         <subfield code="t">关于配合长江三峡水库考古工作情况的汇报 /</subfield>
         <subfield code="r">石兴邦 --</subfield>
         <subfield code="t">三峡考古的回顾与启示 /</subfield>
         <subfield code="r">乔梁 --</subfield>
         <subfield code="t">三峡湖北库区的主要考古收获 /</subfield>
         <subfield code="r">王风竹 --</subfield>
         <subfield code="t">文化变迁与文化传统: 三峡地区的新石器时代文化 /</subfield>
         <subfield code="r">孟华平 --</subfield>
         <subfield code="t">三峡库区的新石器考古学文化及其编年 /</subfield>
         <subfield code="r">李水城 --</subfield>
         <subfield code="t">试论玉溪上层文化 /</subfield>
         <subfield code="r">白九江, 邹后曦 --</subfield>
         <subfield code="t">关于哨棚嘴文化的几个问题 /</subfield>
         <subfield code="r">江章华 --</subfield>
         <subfield code="t">大溪文化彩陶溯源 /</subfield>
         <subfield code="r">王仁湘 --</subfield>
         <subfield code="t">大溪文化玉器研究 /</subfield>
         <subfield code="r">院文清 --</subfield>
         <subfield code="t">长江三峡地区远古时期家畜饲养 /</subfield>
         <subfield code="r">杨华 --</subfield>
         <subfield code="t">三峡地区动物考古学研究检视 /</subfield>
         <subfield code="r">罗运兵 --</subfield>
         <subfield code="t">三峡地区的早期楚文化研究 /</subfield>
         <subfield code="r">张昌平 --</subfield>
         <subfield code="t">秭归庙坪及巫山双堰塘陶鬲的年代和文化属性 /</subfield>
         <subfield code="r">黄凤春 --</subfield>
         <subfield code="t">鄂西南地区西周"鬲"类遗存与楚文化的关系 /</subfield>
         <subfield code="r">王然, 邓启江 --</subfield>
         <subfield code="t">鄂西地区两汉墓葬的文化因素分析及文化发展过程 /</subfield>
         <subfield code="r">余静</subfield>
      </datafield>
      <datafield tag="880" ind1="0" ind2="0">
         <subfield code="6">505-08/</subfield>
         <subfield code="t">峡江崖洞居遗存与华南早期"洞蛮"聚落人文 /</subfield>
         <subfield code="r">佟珊, 吴春明 --</subfield>
         <subfield code="t">峡江地区清代城址类型论纲 /</subfield>
         <subfield code="r">霍东峰, 赵永军 --</subfield>
         <subfield code="t">唐宋时期三峡地区移民史迹考察: 以下颌托为对象 /</subfield>
         <subfield code="r">吴小平 --</subfield>
         <subfield code="t">沿河县小河口新石器时代文化遗址之石制品研究 /</subfield>
         <subfield code="r">王新金 --</subfield>
         <subfield code="t">全新世早中期环境下的跨湖桥文化与河姆渡文化关系 /</subfield>
         <subfield code="r">孙国平 --</subfield>
         <subfield code="t">大嘴子遗址和双砣子遗址晚期遗存试析: 兼论双砣子三期文化遗址材料的分段和年代 /</subfield>
         <subfield code="r">赵宾福, 从德新 --</subfield>
         <subfield code="t">曾侯昃剑小考 /</subfield>
         <subfield code="r">曹锦炎 --</subfield>
         <subfield code="t">一件汉代铜灯的初步研究 /</subfield>
         <subfield code="r">赵凤燕, 李书镇, 郭永琪 --</subfield>
         <subfield code="t">广西出土的汉代铅钡玻璃研究 /</subfield>
         <subfield code="r">熊昭明, 李青会 --</subfield>
         <subfield code="t">襄樊樊城菜越三国墓主试考 /</subfield>
         <subfield code="r">叶植, 魏航空 --</subfield>
         <subfield code="t">两湖地区隋墓十二辰图像的特质及其影响 /</subfield>
         <subfield code="r">王元林.</subfield>
      </datafield>
      <datafield tag="880" ind1="2" ind2=" ">
         <subfield code="6">710-09/</subfield>
         <subfield code="a">中国考古学会.</subfield>
      </datafield>
      <datafield tag="994" ind1=" " ind2=" ">
         <subfield code="a">Z0</subfield>
         <subfield code="b">ZYU</subfield>
      </datafield>
      <datafield tag="OWN" ind1=" " ind2=" ">
         <subfield code="a">GENERAL</subfield>
      </datafield>
      <datafield tag="AVA" ind1=" " ind2=" ">
         <subfield code="a">NYU50</subfield>
         <subfield code="b">NISAW</subfield>
         <subfield code="c">Small Collection</subfield>
         <subfield code="d">DS715 .C5367 2010</subfield>
         <subfield code="e">available</subfield>
         <subfield code="t">Available</subfield>
         <subfield code="f">1</subfield>
         <subfield code="g">0</subfield>
         <subfield code="h">N</subfield>
         <subfield code="i">0</subfield>
         <subfield code="j">SMALL</subfield>
         <subfield code="k">0</subfield>
      </datafield>
      <marc:datafield tag="852" ind1=" " ind2=" ">
         <marc:subfield code="b">Institute for the Study of the Ancient World, </marc:subfield>
         <marc:subfield code="c">Small Collection</marc:subfield>
         <marc:subfield code="e">15 East 84th St., </marc:subfield>
         <marc:subfield code="e">New York, NY  10028</marc:subfield>
      </marc:datafield>
   </record>