
  
  
  
  
  
  
 
  
  <record xsi:schemaLocation="http://www.loc.gov/MARC21/slim http://www.loc.gov/standards/marcxml/schema/MARC21slim.xsd">
      <leader>00000cam  2200625 a 4500</leader>
      <controlfield tag="FMT">BK</controlfield>
      <controlfield tag="LDR">00000cam  2200625 a 4500</controlfield>
      <controlfield tag="001">004167420</controlfield>
      <controlfield tag="003">OCoLC</controlfield>
      <controlfield tag="005">20150817112915.0</controlfield>
      <controlfield tag="008">150817s2009    cc af    b    000 0 chi d</controlfield>
      <datafield tag="010" ind1=" " ind2=" ">
         <subfield code="a">2009429192</subfield>
      </datafield>
      <datafield tag="020" ind1=" " ind2=" ">
         <subfield code="a">9787101063752</subfield>
      </datafield>
      <datafield tag="020" ind1=" " ind2=" ">
         <subfield code="a">7101063756</subfield>
      </datafield>
      <datafield tag="035" ind1=" " ind2=" ">
         <subfield code="a">(OCoLC)435365331</subfield>
      </datafield>
      <datafield tag="040" ind1=" " ind2=" ">
         <subfield code="a">HkU</subfield>
         <subfield code="b">eng</subfield>
         <subfield code="c">HUA</subfield>
         <subfield code="d">DLC</subfield>
         <subfield code="d">SINLB</subfield>
         <subfield code="d">HMY</subfield>
         <subfield code="d">OCLCF</subfield>
         <subfield code="d">NNU</subfield>
      </datafield>
      <datafield tag="041" ind1="0" ind2=" ">
         <subfield code="a">chi</subfield>
         <subfield code="a">eng</subfield>
      </datafield>
      <datafield tag="042" ind1=" " ind2=" ">
         <subfield code="a">lccopycat</subfield>
      </datafield>
      <datafield tag="043" ind1=" " ind2=" ">
         <subfield code="a">a-cc-ka</subfield>
      </datafield>
      <datafield tag="050" ind1="0" ind2="0">
         <subfield code="a">HD9926.C63</subfield>
         <subfield code="b">D86 2009</subfield>
      </datafield>
      <datafield tag="066" ind1=" " ind2=" ">
         <subfield code="c">$1</subfield>
      </datafield>
      <datafield tag="082" ind1="0" ind2="4">
         <subfield code="a">338.4767739095145</subfield>
         <subfield code="2">22</subfield>
      </datafield>
      <datafield tag="245" ind1="0" ind2="0">
         <subfield code="6">880-01</subfield>
         <subfield code="a">Dunhuang si chou yu si chou zhi lu /</subfield>
         <subfield code="c">Zhao Feng zhu bian ; Wang Le fu zhu bian.</subfield>
      </datafield>
      <datafield tag="246" ind1="1" ind2=" ">
         <subfield code="i">Cover title also in English:</subfield>
         <subfield code="a">Silk road and textiles from Dunhuang</subfield>
      </datafield>
      <datafield tag="250" ind1=" " ind2=" ">
         <subfield code="6">880-02</subfield>
         <subfield code="a">Beijing di 1 ban.</subfield>
      </datafield>
      <datafield tag="260" ind1=" " ind2=" ">
         <subfield code="6">880-03</subfield>
         <subfield code="a">Beijing Shi :</subfield>
         <subfield code="b">Zhonghua shu ju,</subfield>
         <subfield code="c">2009.</subfield>
      </datafield>
      <datafield tag="300" ind1=" " ind2=" ">
         <subfield code="a">4, 2, 415 p., [28] p. of plates :</subfield>
         <subfield code="b">ill. (some col.) ;</subfield>
         <subfield code="c">21 cm.</subfield>
      </datafield>
      <datafield tag="504" ind1=" " ind2=" ">
         <subfield code="a">Includes bibliographical references.</subfield>
      </datafield>
      <datafield tag="500" ind1=" " ind2=" ">
         <subfield code="a">ISAW copy is from the library of Valerie Hansen .</subfield>
         <subfield code="5">NNU</subfield>
      </datafield>
      <datafield tag="520" ind1=" " ind2=" ">
         <subfield code="6">880-04</subfield>
         <subfield code="a">Ben shu yi Dunhuang chu tu de Bie wei zhi Yuan dai de si zhi pin, bao kuo zhi, ran ci xiu, zhong zhong ji ben ji fa zhi cheng de fo fan, jing yi, can pian deng ge zhong yi fang zhi xian wei wei cai zhi de wen wu wei zhu yao yan jiu dui xiang, yi jie fang hou kao gu fa jue pin wei zhu yao yi ju, tong shi jie he guo wai shou cang de Dunhuang si zhi pin shi wu, cong li shi de, ji shu de, yi shu de ceng mian, dui Dunhuang si chou jing xing le zong he de yan jiu.</subfield>
      </datafield>
      <datafield tag="650" ind1=" " ind2="0">
         <subfield code="6">880-05</subfield>
         <subfield code="a">Silk industry</subfield>
         <subfield code="z">China</subfield>
         <subfield code="z">Dunhuang.</subfield>
      </datafield>
      <datafield tag="650" ind1=" " ind2="0">
         <subfield code="6">880-06</subfield>
         <subfield code="a">Silk</subfield>
         <subfield code="z">China</subfield>
         <subfield code="z">Dunhuang.</subfield>
      </datafield>
      <datafield tag="650" ind1=" " ind2="7">
         <subfield code="a">Silk.</subfield>
         <subfield code="2">fast</subfield>
         <subfield code="0">(OCoLC)fst01118724</subfield>
      </datafield>
      <datafield tag="650" ind1=" " ind2="7">
         <subfield code="a">Silk industry.</subfield>
         <subfield code="2">fast</subfield>
         <subfield code="0">(OCoLC)fst01118746</subfield>
      </datafield>
      <datafield tag="651" ind1=" " ind2="7">
         <subfield code="a">China</subfield>
         <subfield code="z">Dunhuang.</subfield>
         <subfield code="2">fast</subfield>
         <subfield code="0">(OCoLC)fst01278691</subfield>
      </datafield>
      <datafield tag="700" ind1="1" ind2=" ">
         <subfield code="6">880-07</subfield>
         <subfield code="a">Zhao, Feng,</subfield>
         <subfield code="d">1961-</subfield>
      </datafield>
      <datafield tag="700" ind1="1" ind2=" ">
         <subfield code="6">880-08</subfield>
         <subfield code="a">Wang, Le,</subfield>
         <subfield code="d">1975-</subfield>
      </datafield>
      <datafield tag="796" ind1="1" ind2=" ">
         <subfield code="a">Hansen, Valerie,</subfield>
         <subfield code="e">former owner.</subfield>
      </datafield>
      <datafield tag="797" ind1="2" ind2=" ">
         <subfield code="a">Hansen Collection.</subfield>
      </datafield>
      <datafield tag="880" ind1="0" ind2="0">
         <subfield code="6">245-01/</subfield>
         <subfield code="a">敦煌丝绸与丝绸之路 /</subfield>
         <subfield code="c">赵丰主编 ; 王乐副主编.</subfield>
      </datafield>
      <datafield tag="880" ind1=" " ind2=" ">
         <subfield code="6">250-02/</subfield>
         <subfield code="a">北京第1版.</subfield>
      </datafield>
      <datafield tag="880" ind1=" " ind2=" ">
         <subfield code="6">260-03/</subfield>
         <subfield code="a">北京市 :</subfield>
         <subfield code="b">中华书局,</subfield>
         <subfield code="c">2009.</subfield>
      </datafield>
      <datafield tag="880" ind1=" " ind2=" ">
         <subfield code="6">500-00/</subfield>
         <subfield code="a">封面题英文书名: Silk road and textiles from Dunhuang.</subfield>
      </datafield>
      <datafield tag="880" ind1=" " ind2=" ">
         <subfield code="6">520-04/</subfield>
         <subfield code="a">本书以敦煌出土的自北魏到元代的丝织品，包括用织、染、刺绣——种基本技法制成的佛幡、经帙、残片等各种以纺织纤维为材质的文物为主要研究对象，以解放后考古发掘品为主要依据，同时结合国外收藏的敦煌丝织品实物，从历史的、技术的、艺术的层面，对敦煌丝绸进行了综合的研究。</subfield>
      </datafield>
      <datafield tag="880" ind1=" " ind2="4">
         <subfield code="6">650-05/</subfield>
         <subfield code="a">Silk industry</subfield>
         <subfield code="z">中国</subfield>
         <subfield code="z">敦煌.</subfield>
      </datafield>
      <datafield tag="880" ind1=" " ind2="4">
         <subfield code="6">650-06/</subfield>
         <subfield code="a">Silk</subfield>
         <subfield code="z">中国</subfield>
         <subfield code="z">敦煌.</subfield>
      </datafield>
      <datafield tag="880" ind1="1" ind2=" ">
         <subfield code="6">700-07/</subfield>
         <subfield code="a">赵丰,</subfield>
         <subfield code="d">1961-</subfield>
      </datafield>
      <datafield tag="880" ind1="1" ind2=" ">
         <subfield code="6">700-08/</subfield>
         <subfield code="a">王乐,</subfield>
         <subfield code="d">1975-</subfield>
      </datafield>
      <datafield tag="994" ind1=" " ind2=" ">
         <subfield code="a">Z0</subfield>
         <subfield code="b">ZYU</subfield>
      </datafield>
      <datafield tag="OWN" ind1=" " ind2=" ">
         <subfield code="a">GENERAL</subfield>
      </datafield>
      <datafield tag="AVA" ind1=" " ind2=" ">
         <subfield code="a">NYU50</subfield>
         <subfield code="b">NISAW</subfield>
         <subfield code="c">Small Collection</subfield>
         <subfield code="d">NK8983.A1 Z46 2009</subfield>
         <subfield code="e">available</subfield>
         <subfield code="t">Available</subfield>
         <subfield code="f">1</subfield>
         <subfield code="g">0</subfield>
         <subfield code="h">N</subfield>
         <subfield code="i">0</subfield>
         <subfield code="j">SMALL</subfield>
         <subfield code="k">0</subfield>
      </datafield>
      <marc:datafield tag="852" ind1=" " ind2=" ">
         <marc:subfield code="b">Institute for the Study of the Ancient World, </marc:subfield>
         <marc:subfield code="c">Small Collection</marc:subfield>
         <marc:subfield code="e">15 East 84th St., </marc:subfield>
         <marc:subfield code="e">New York, NY  10028</marc:subfield>
      </marc:datafield>
   </record>