
  
  
  
  
  
  
 
  
  <record xsi:schemaLocation="http://www.loc.gov/MARC21/slim http://www.loc.gov/standards/marcxml/schema/MARC21slim.xsd">
      <leader>00000cam  2200745 a 4500</leader>
      <controlfield tag="FMT">BK</controlfield>
      <controlfield tag="LDR">00000cam  2200745 a 4500</controlfield>
      <controlfield tag="001">000076186</controlfield>
      <controlfield tag="003">OCoLC</controlfield>
      <controlfield tag="005">20150817101236.0</controlfield>
      <controlfield tag="008">150817s2003    cc a     b    100 0 chi d</controlfield>
      <datafield tag="010" ind1=" " ind2=" ">
         <subfield code="a">2004379362</subfield>
      </datafield>
      <datafield tag="020" ind1=" " ind2=" ">
         <subfield code="a">7532612589</subfield>
      </datafield>
      <datafield tag="020" ind1=" " ind2=" ">
         <subfield code="a">9787532612581</subfield>
      </datafield>
      <datafield tag="035" ind1=" " ind2=" ">
         <subfield code="a">(OCoLC)56510473</subfield>
         <subfield code="z">(OCoLC)53313512</subfield>
         <subfield code="z">(OCoLC)259881709</subfield>
      </datafield>
      <datafield tag="040" ind1=" " ind2=" ">
         <subfield code="a">HNK</subfield>
         <subfield code="b">eng</subfield>
         <subfield code="c">HNK</subfield>
         <subfield code="d">DLC</subfield>
         <subfield code="d">SINLB</subfield>
         <subfield code="d">GEBAY</subfield>
         <subfield code="d">OCLCO</subfield>
         <subfield code="d">OCLCQ</subfield>
         <subfield code="d">NNU</subfield>
      </datafield>
      <datafield tag="042" ind1=" " ind2=" ">
         <subfield code="a">lccopycat</subfield>
      </datafield>
      <datafield tag="043" ind1=" " ind2=" ">
         <subfield code="a">a-cc---</subfield>
      </datafield>
      <datafield tag="050" ind1="0" ind2="0">
         <subfield code="a">BL1803.T363</subfield>
         <subfield code="b">T36 2003</subfield>
      </datafield>
      <datafield tag="050" ind1=" " ind2="4">
         <subfield code="a">DS749.35</subfield>
         <subfield code="b">T36 2003</subfield>
      </datafield>
      <datafield tag="066" ind1=" " ind2=" ">
         <subfield code="c">$1</subfield>
      </datafield>
      <datafield tag="082" ind1="0" ind2="4">
         <subfield code="a">200.951</subfield>
         <subfield code="2">21</subfield>
      </datafield>
      <datafield tag="245" ind1="0" ind2="0">
         <subfield code="6">880-01</subfield>
         <subfield code="a">Tang dai zong jiao xin yang yu she hui =</subfield>
         <subfield code="b">Tangdai zongjiao xinyang yu shehui /</subfield>
         <subfield code="c">Rong Xinjiang zhu bian.</subfield>
      </datafield>
      <datafield tag="246" ind1="3" ind2="1">
         <subfield code="a">Tangdai zongjiao xinyang yu shehui</subfield>
      </datafield>
      <datafield tag="250" ind1=" " ind2=" ">
         <subfield code="6">880-02</subfield>
         <subfield code="a">Di 1 ban.</subfield>
      </datafield>
      <datafield tag="260" ind1=" " ind2=" ">
         <subfield code="6">880-03</subfield>
         <subfield code="a">Shanghai :</subfield>
         <subfield code="b">Shanghai ci shu chu ban she,</subfield>
         <subfield code="c">2003.</subfield>
      </datafield>
      <datafield tag="300" ind1=" " ind2=" ">
         <subfield code="a">3, 471 pages :</subfield>
         <subfield code="b">illustrations ;</subfield>
         <subfield code="c">22 cm.</subfield>
      </datafield>
      <datafield tag="336" ind1=" " ind2=" ">
         <subfield code="a">text</subfield>
         <subfield code="b">txt</subfield>
         <subfield code="2">rdacontent</subfield>
      </datafield>
      <datafield tag="337" ind1=" " ind2=" ">
         <subfield code="a">unmediated</subfield>
         <subfield code="b">n</subfield>
         <subfield code="2">rdamedia</subfield>
      </datafield>
      <datafield tag="338" ind1=" " ind2=" ">
         <subfield code="a">volume</subfield>
         <subfield code="b">nc</subfield>
         <subfield code="2">rdacarrier</subfield>
      </datafield>
      <datafield tag="490" ind1="1" ind2=" ">
         <subfield code="6">880-04</subfield>
         <subfield code="a">Beijing daxue sheng Tang yan jiu cong shu =</subfield>
         <subfield code="a">Beijing daxue shengtang yanjiu congshu</subfield>
      </datafield>
      <datafield tag="500" ind1=" " ind2=" ">
         <subfield code="a">ISAW copy is from the library of Valerie Hansen .</subfield>
         <subfield code="5">NNU</subfield>
      </datafield>
      <datafield tag="504" ind1=" " ind2=" ">
         <subfield code="a">Includes bibliographical references.</subfield>
      </datafield>
      <datafield tag="651" ind1=" " ind2="0">
         <subfield code="a">China</subfield>
         <subfield code="x">Religion.</subfield>
      </datafield>
      <datafield tag="651" ind1=" " ind2="0">
         <subfield code="a">China</subfield>
         <subfield code="x">Religious life and customs.</subfield>
      </datafield>
      <datafield tag="651" ind1=" " ind2="0">
         <subfield code="a">China</subfield>
         <subfield code="x">Social life and customs.</subfield>
      </datafield>
      <datafield tag="651" ind1=" " ind2="0">
         <subfield code="a">China</subfield>
         <subfield code="x">History</subfield>
         <subfield code="y">Tang dynasty, 618-907.</subfield>
      </datafield>
      <datafield tag="653" ind1=" " ind2=" ">
         <subfield code="a">China / Religion</subfield>
      </datafield>
      <datafield tag="653" ind1=" " ind2=" ">
         <subfield code="a">China / Religious life and customs</subfield>
      </datafield>
      <datafield tag="653" ind1=" " ind2=" ">
         <subfield code="a">China / Social life and customs</subfield>
      </datafield>
      <datafield tag="653" ind1=" " ind2=" ">
         <subfield code="a">China / History / Tang dynasty, 618-907</subfield>
      </datafield>
      <datafield tag="700" ind1="1" ind2=" ">
         <subfield code="6">880-05</subfield>
         <subfield code="a">Rong, Xinjiang.</subfield>
      </datafield>
      <datafield tag="776" ind1="0" ind2="8">
         <subfield code="i">Online version:</subfield>
         <subfield code="t">Tang dai zong jiao xin yang yu she hui.</subfield>
         <subfield code="b">Di 1 ban.</subfield>
         <subfield code="d">Shanghai : Shanghai ci shu chu ban she, 2003</subfield>
         <subfield code="w">(OCoLC)777316412</subfield>
      </datafield>
      <datafield tag="796" ind1="1" ind2=" ">
         <subfield code="a">Hansen, Valerie,</subfield>
         <subfield code="e">former owner.</subfield>
      </datafield>
      <datafield tag="797" ind1="2" ind2=" ">
         <subfield code="a">Hansen Collection.</subfield>
      </datafield>
      <datafield tag="880" ind1="0" ind2="0">
         <subfield code="6">245-01/</subfield>
         <subfield code="a">唐代宗敎信仰与社会 =</subfield>
         <subfield code="b">Tangdai zongjiao xinyang yu shehui /</subfield>
         <subfield code="c">荣新江主编.</subfield>
      </datafield>
      <datafield tag="880" ind1=" " ind2=" ">
         <subfield code="6">250-02/</subfield>
         <subfield code="a">第1版.</subfield>
      </datafield>
      <datafield tag="880" ind1=" " ind2=" ">
         <subfield code="6">260-03/</subfield>
         <subfield code="a">上海 :</subfield>
         <subfield code="b">上海辞书出版社,</subfield>
         <subfield code="c">2003.</subfield>
      </datafield>
      <datafield tag="880" ind1="1" ind2=" ">
         <subfield code="6">490-04/</subfield>
         <subfield code="a">北京大学盛唐硏究丛书 =</subfield>
         <subfield code="a">Beijing daxue shengtang yanjiu congshu</subfield>
      </datafield>
      <datafield tag="880" ind1="1" ind2=" ">
         <subfield code="6">700-05/</subfield>
         <subfield code="a">荣新江.</subfield>
      </datafield>
      <datafield tag="830" ind1=" " ind2="0">
         <subfield code="6">880-06</subfield>
         <subfield code="a">Beijing da xue sheng Tang yan jiu cong shu.</subfield>
      </datafield>
      <datafield tag="880" ind1=" " ind2="0">
         <subfield code="6">830-06/</subfield>
         <subfield code="a">北京大学盛唐硏究丛书.</subfield>
      </datafield>
      <datafield tag="OWN" ind1=" " ind2=" ">
         <subfield code="a">GENERAL</subfield>
      </datafield>
      <datafield tag="998" ind1=" " ind2=" ">
         <subfield code="e">uhol</subfield>
         <subfield code="n">NNU</subfield>
         <subfield code="s">1</subfield>
         <subfield code="t">c</subfield>
         <subfield code="z">p</subfield>
      </datafield>
      <datafield tag="AVA" ind1=" " ind2=" ">
         <subfield code="a">NYU50</subfield>
         <subfield code="b">BOBST</subfield>
         <subfield code="c">East Asian</subfield>
         <subfield code="d">BL1803.T363 T36 2003</subfield>
         <subfield code="e">available</subfield>
         <subfield code="t">Available</subfield>
         <subfield code="f">1</subfield>
         <subfield code="g">0</subfield>
         <subfield code="h">N</subfield>
         <subfield code="i">2</subfield>
         <subfield code="j">EASIA</subfield>
         <subfield code="k">0</subfield>
      </datafield>
      <datafield tag="AVA" ind1=" " ind2=" ">
         <subfield code="a">NYU50</subfield>
         <subfield code="b">NISAW</subfield>
         <subfield code="c">Small Collection</subfield>
         <subfield code="d">DS749.35 R64 2003</subfield>
         <subfield code="e">available</subfield>
         <subfield code="t">Available</subfield>
         <subfield code="f">1</subfield>
         <subfield code="g">0</subfield>
         <subfield code="h">N</subfield>
         <subfield code="i">0</subfield>
         <subfield code="j">SMALL</subfield>
         <subfield code="k">0</subfield>
      </datafield>
      <marc:datafield tag="852" ind1=" " ind2=" ">
         <marc:subfield code="b">Institute for the Study of the Ancient World, </marc:subfield>
         <marc:subfield code="c">Small Collection</marc:subfield>
         <marc:subfield code="e">15 East 84th St., </marc:subfield>
         <marc:subfield code="e">New York, NY  10028</marc:subfield>
      </marc:datafield>
   </record>