
  
  
  
  
  
  
 
  
  <record xsi:schemaLocation="http://www.loc.gov/MARC21/slim http://www.loc.gov/standards/marcxml/schema/MARC21slim.xsd">
      <leader>00000cas  2200985 a 4500</leader>
      <controlfield tag="FMT">SE</controlfield>
      <controlfield tag="LDR">00000cas  2200985 a 4500</controlfield>
      <controlfield tag="001">004168659</controlfield>
      <controlfield tag="003">OCoLC</controlfield>
      <controlfield tag="005">20150820114052.0</controlfield>
      <controlfield tag="008">150820c19439999ja fr p      f0   d0jpn c</controlfield>
      <datafield tag="010" ind1=" " ind2=" ">
         <subfield code="a">87649301</subfield>
      </datafield>
      <datafield tag="016" ind1="7" ind2=" ">
         <subfield code="a">012205958</subfield>
         <subfield code="2">DE-101</subfield>
      </datafield>
      <datafield tag="016" ind1="7" ind2=" ">
         <subfield code="a">404223-2</subfield>
         <subfield code="2">DE-600</subfield>
      </datafield>
      <datafield tag="016" ind1="7" ind2=" ">
         <subfield code="a">008633974</subfield>
         <subfield code="2">Uk</subfield>
      </datafield>
      <datafield tag="016" ind1="7" ind2=" ">
         <subfield code="a">011758166</subfield>
         <subfield code="2">Uk</subfield>
      </datafield>
      <datafield tag="016" ind1="7" ind2=" ">
         <subfield code="a">012205958</subfield>
         <subfield code="2">de-101</subfield>
      </datafield>
      <datafield tag="016" ind1="7" ind2=" ">
         <subfield code="a">4042232</subfield>
         <subfield code="2">de-600</subfield>
      </datafield>
      <datafield tag="022" ind1=" " ind2=" ">
         <subfield code="a">0563-8089</subfield>
         <subfield code="l">0563-8089</subfield>
      </datafield>
      <datafield tag="035" ind1=" " ind2=" ">
         <subfield code="a">(OCoLC)2111131</subfield>
         <subfield code="z">(OCoLC)1767660</subfield>
      </datafield>
      <datafield tag="040" ind1=" " ind2=" ">
         <subfield code="a">COO</subfield>
         <subfield code="b">eng</subfield>
         <subfield code="c">COO</subfield>
         <subfield code="d">MUL</subfield>
         <subfield code="d">OCL</subfield>
         <subfield code="d">MUL</subfield>
         <subfield code="d">AIP</subfield>
         <subfield code="d">DLC</subfield>
         <subfield code="d">NST</subfield>
         <subfield code="d">WAU</subfield>
         <subfield code="d">SYS</subfield>
         <subfield code="d">WAU</subfield>
         <subfield code="d">OCLCQ</subfield>
         <subfield code="d">GWDNB</subfield>
         <subfield code="d">UKMGB</subfield>
         <subfield code="d">GBVCP</subfield>
         <subfield code="d">OCLCF</subfield>
         <subfield code="d">OCLCO</subfield>
         <subfield code="d">NNU</subfield>
      </datafield>
      <datafield tag="041" ind1="0" ind2=" ">
         <subfield code="a">jpn</subfield>
         <subfield code="f">chiengfre</subfield>
      </datafield>
      <datafield tag="042" ind1=" " ind2=" ">
         <subfield code="a">pcc</subfield>
      </datafield>
      <datafield tag="043" ind1=" " ind2=" ">
         <subfield code="a">ae-----</subfield>
      </datafield>
      <datafield tag="050" ind1="0" ind2="0">
         <subfield code="a">DS509.3</subfield>
         <subfield code="b">.T695</subfield>
      </datafield>
      <datafield tag="066" ind1=" " ind2=" ">
         <subfield code="c">$1</subfield>
      </datafield>
      <datafield tag="245" ind1="0" ind2="0">
         <subfield code="6">880-01</subfield>
         <subfield code="a">Tōyō Bunka Kenkyūjo kiyō.</subfield>
      </datafield>
      <datafield tag="246" ind1="1" ind2="3">
         <subfield code="a">Memoirs of the Institute for Oriental Culture</subfield>
         <subfield code="f">June 1952-Nov. 1956</subfield>
      </datafield>
      <datafield tag="246" ind1="1" ind2="3">
         <subfield code="a">Memoirs of the Institute of Oriental Culture</subfield>
         <subfield code="f">Mar. 1957-</subfield>
      </datafield>
      <datafield tag="260" ind1=" " ind2=" ">
         <subfield code="6">880-02</subfield>
         <subfield code="a">Tōkyō :</subfield>
         <subfield code="b">Tōkyō Teikoku Daigaku Tōyō Bunka Kenkyūjo,</subfield>
         <subfield code="c">Shōwa 18 [1943]-</subfield>
      </datafield>
      <datafield tag="300" ind1=" " ind2=" ">
         <subfield code="a">v. :</subfield>
         <subfield code="b">ill. ;</subfield>
         <subfield code="c">21-25 cm.</subfield>
      </datafield>
      <datafield tag="310" ind1=" " ind2=" ">
         <subfield code="a">Semiannual,</subfield>
         <subfield code="b">1998-</subfield>
      </datafield>
      <datafield tag="321" ind1=" " ind2=" ">
         <subfield code="a">Three times a year,</subfield>
         <subfield code="b">1958-1997</subfield>
      </datafield>
      <datafield tag="321" ind1=" " ind2=" ">
         <subfield code="a">Irregular,</subfield>
         <subfield code="b">1943-1957</subfield>
      </datafield>
      <datafield tag="362" ind1="0" ind2=" ">
         <subfield code="6">880-03</subfield>
         <subfield code="a">Dai 1-satsu (Shōwa 18-nen12-gatsu [Dec. 1943])-</subfield>
      </datafield>
      <datafield tag="500" ind1=" " ind2=" ">
         <subfield code="a">Title from cover.</subfield>
      </datafield>
      <datafield tag="515" ind1=" " ind2=" ">
         <subfield code="a">Suspended 1944-Aug. 1951.</subfield>
      </datafield>
      <datafield tag="530" ind1=" " ind2=" ">
         <subfield code="a">Also issued online.</subfield>
      </datafield>
      <datafield tag="546" ind1=" " ind2=" ">
         <subfield code="a">In Japanese, summaries in Chinese, English, or French.</subfield>
      </datafield>
      <datafield tag="550" ind1=" " ind2=" ">
         <subfield code="a">Issued by: Tōkyō Daigaku Tōyō Bunka Kenkyūjo, 1951-</subfield>
      </datafield>
      <datafield tag="555" ind1=" " ind2=" ">
         <subfield code="a">Dai 1-satsu (1943)-dai 50-satsu (1969) with dai 51-satsu.</subfield>
      </datafield>
      <datafield tag="651" ind1=" " ind2="0">
         <subfield code="a">East Asia</subfield>
         <subfield code="x">Civilization</subfield>
         <subfield code="v">Periodicals.</subfield>
      </datafield>
      <datafield tag="651" ind1=" " ind2="0">
         <subfield code="a">East Asia</subfield>
         <subfield code="v">Periodicals.</subfield>
      </datafield>
      <datafield tag="650" ind1=" " ind2="7">
         <subfield code="a">Civilization.</subfield>
         <subfield code="2">fast</subfield>
         <subfield code="0">(OCoLC)fst00862898</subfield>
      </datafield>
      <datafield tag="651" ind1=" " ind2="7">
         <subfield code="a">East Asia.</subfield>
         <subfield code="2">fast</subfield>
         <subfield code="0">(OCoLC)fst01243628</subfield>
      </datafield>
      <datafield tag="655" ind1=" " ind2="7">
         <subfield code="a">Periodicals.</subfield>
         <subfield code="2">fast</subfield>
         <subfield code="0">(OCoLC)fst01411641</subfield>
      </datafield>
      <datafield tag="710" ind1="2" ind2=" ">
         <subfield code="6">880-04</subfield>
         <subfield code="a">Tōkyō Teikoku Daigaku.</subfield>
         <subfield code="b">Tōyō Bunka Kenkyūjo.</subfield>
      </datafield>
      <datafield tag="710" ind1="2" ind2=" ">
         <subfield code="6">880-05</subfield>
         <subfield code="a">Tōkyō Daigaku.</subfield>
         <subfield code="b">Tōyō Bunka Kenkyūjo.</subfield>
      </datafield>
      <datafield tag="776" ind1="0" ind2="8">
         <subfield code="i">Online version:</subfield>
         <subfield code="t">Tōyō Bunka Kenkyūjo kiyō</subfield>
         <subfield code="w">(OCoLC)551635366</subfield>
      </datafield>
      <datafield tag="880" ind1="0" ind2="0">
         <subfield code="6">245-01/</subfield>
         <subfield code="a">東洋文化研究所紀要.</subfield>
      </datafield>
      <datafield tag="880" ind1=" " ind2=" ">
         <subfield code="6">260-02/</subfield>
         <subfield code="a">東京 :</subfield>
         <subfield code="b">東京帝國大学東洋文化研究所,</subfield>
         <subfield code="c">昭和 18 [1943]-</subfield>
      </datafield>
      <datafield tag="880" ind1="0" ind2=" ">
         <subfield code="6">362-03/</subfield>
         <subfield code="a">第 1冊 (昭和 18年 12月 [Dec. 1943])-</subfield>
      </datafield>
      <datafield tag="880" ind1="2" ind2=" ">
         <subfield code="6">710-04/</subfield>
         <subfield code="a">東京帝國大学.</subfield>
         <subfield code="b">東洋文化研究所.</subfield>
      </datafield>
      <datafield tag="880" ind1="2" ind2=" ">
         <subfield code="6">710-05/</subfield>
         <subfield code="a">東京大学.</subfield>
         <subfield code="b">東洋文化研究所.</subfield>
      </datafield>
      <datafield tag="850" ind1=" " ind2=" ">
         <subfield code="a">CoU</subfield>
         <subfield code="a">DLC</subfield>
      </datafield>
      <datafield tag="891" ind1="1" ind2="2">
         <subfield code="9">853</subfield>
         <subfield code="8">1</subfield>
         <subfield code="a">no.</subfield>
         <subfield code="i">(year)</subfield>
         <subfield code="w">x</subfield>
      </datafield>
      <datafield tag="891" ind1="4" ind2="0">
         <subfield code="9">863</subfield>
         <subfield code="8">1</subfield>
         <subfield code="a">&lt;1&gt;-</subfield>
         <subfield code="i">&lt;1943&gt;-</subfield>
         <subfield code="x">provisional</subfield>
      </datafield>
      <datafield tag="891" ind1="1" ind2="0">
         <subfield code="9">853</subfield>
         <subfield code="8">2</subfield>
         <subfield code="a">no.</subfield>
         <subfield code="i">(year)</subfield>
         <subfield code="j">(month)</subfield>
         <subfield code="w">3</subfield>
      </datafield>
      <datafield tag="891" ind1="4" ind2="0">
         <subfield code="9">863</subfield>
         <subfield code="8">2</subfield>
         <subfield code="a">&lt;26&gt;-</subfield>
         <subfield code="i">&lt;1962&gt;-</subfield>
         <subfield code="x">provisional</subfield>
      </datafield>
      <datafield tag="994" ind1=" " ind2=" ">
         <subfield code="a">Z0</subfield>
         <subfield code="b">ZYU</subfield>
      </datafield>
      <datafield tag="OWN" ind1=" " ind2=" ">
         <subfield code="a">GENERAL</subfield>
      </datafield>
      <datafield tag="012" ind1=" " ind2=" ">
         <subfield code="a">4</subfield>
         <subfield code="i">8812</subfield>
      </datafield>
      <datafield tag="936" ind1=" " ind2=" ">
         <subfield code="a">Dai 102-satsu (Shōwa 62-nen [1987] 1-gatsu) LIC</subfield>
      </datafield>
      <datafield tag="AVA" ind1=" " ind2=" ">
         <subfield code="a">NYU50</subfield>
         <subfield code="b">NISAW</subfield>
         <subfield code="c">Library 6</subfield>
         <subfield code="d">DS509.3 .T695</subfield>
         <subfield code="e">available</subfield>
         <subfield code="t">Available</subfield>
         <subfield code="f">1</subfield>
         <subfield code="g">0</subfield>
         <subfield code="h">Y</subfield>
         <subfield code="i">0</subfield>
         <subfield code="j">LIB6</subfield>
         <subfield code="k">0</subfield>
      </datafield>
      <marc:datafield tag="852" ind1=" " ind2=" ">
         <marc:subfield code="b">Institute for the Study of the Ancient World, </marc:subfield>
         <marc:subfield code="c">Library 6</marc:subfield>
         <marc:subfield code="e">15 East 84th St., </marc:subfield>
         <marc:subfield code="e">New York, NY  10028</marc:subfield>
      </marc:datafield>
   </record>