
  
  
  
  
  
  
  
 
  
  <record xsi:schemaLocation="http://www.loc.gov/MARC21/slim http://www.loc.gov/standards/marcxml/schema/MARC21slim.xsd">
      <leader>00000cam  2200745 a 4500</leader>
      <controlfield tag="FMT">BK</controlfield>
      <controlfield tag="LDR">00000cam  2200745 a 4500</controlfield>
      <controlfield tag="001">004168938</controlfield>
      <controlfield tag="003">OCoLC</controlfield>
      <controlfield tag="005">20150821093452.0</controlfield>
      <controlfield tag="008">150821s2002    cc ab    b    000 0 chi d</controlfield>
      <datafield tag="010" ind1=" " ind2=" ">
         <subfield code="a">2004638093</subfield>
      </datafield>
      <datafield tag="020" ind1=" " ind2=" ">
         <subfield code="a">7501013535</subfield>
      </datafield>
      <datafield tag="020" ind1=" " ind2=" ">
         <subfield code="a">9787501013531</subfield>
      </datafield>
      <datafield tag="035" ind1=" " ind2=" ">
         <subfield code="a">(OCoLC)56559900</subfield>
         <subfield code="z">(OCoLC)51831700</subfield>
      </datafield>
      <datafield tag="040" ind1=" " ind2=" ">
         <subfield code="a">GyMB-A</subfield>
         <subfield code="b">eng</subfield>
         <subfield code="c">AA#</subfield>
         <subfield code="d">DLC</subfield>
         <subfield code="d">OCLCF</subfield>
         <subfield code="d">OCLCO</subfield>
         <subfield code="d">OCLCQ</subfield>
         <subfield code="d">NNU</subfield>
      </datafield>
      <datafield tag="041" ind1="0" ind2=" ">
         <subfield code="a">chi</subfield>
         <subfield code="a">eng</subfield>
      </datafield>
      <datafield tag="042" ind1=" " ind2=" ">
         <subfield code="a">lccopycat</subfield>
      </datafield>
      <datafield tag="043" ind1=" " ind2=" ">
         <subfield code="a">a-cc---</subfield>
      </datafield>
      <datafield tag="050" ind1="0" ind2="0">
         <subfield code="a">DS715</subfield>
         <subfield code="b">.Z465 2002</subfield>
      </datafield>
      <datafield tag="066" ind1=" " ind2=" ">
         <subfield code="c">$1</subfield>
      </datafield>
      <datafield tag="245" ind1="0" ind2="0">
         <subfield code="6">880-01</subfield>
         <subfield code="a">Zhongguo shi nian bai da kao gu xin fa xian =</subfield>
         <subfield code="b">Top 100 new archaeological discoveries of China 1990-1999 /</subfield>
         <subfield code="c">Li Wenru zhu bian ; Guo jia wen wu ju, Zhongguo kao gu xue hui, Zhongguo wen wu bao she bian zhu.</subfield>
      </datafield>
      <datafield tag="246" ind1="3" ind2=" ">
         <subfield code="a">Zhongguo 10 nian bai da kao gu xin fa xian</subfield>
      </datafield>
      <datafield tag="246" ind1="3" ind2="1">
         <subfield code="a">Top 100 new archaeological discoveries of China, 1990-1999</subfield>
      </datafield>
      <datafield tag="250" ind1=" " ind2=" ">
         <subfield code="6">880-02</subfield>
         <subfield code="a">Di 1 ban.</subfield>
      </datafield>
      <datafield tag="260" ind1=" " ind2=" ">
         <subfield code="6">880-03</subfield>
         <subfield code="a">Beijing :</subfield>
         <subfield code="b">Wen wu chu ban she,</subfield>
         <subfield code="c">2002.</subfield>
      </datafield>
      <datafield tag="300" ind1=" " ind2=" ">
         <subfield code="a">2 volumes (812 pages) :</subfield>
         <subfield code="b">illustrations (some color), maps ;</subfield>
         <subfield code="c">29 cm</subfield>
      </datafield>
      <datafield tag="336" ind1=" " ind2=" ">
         <subfield code="a">text</subfield>
         <subfield code="b">txt</subfield>
         <subfield code="2">rdacontent</subfield>
      </datafield>
      <datafield tag="337" ind1=" " ind2=" ">
         <subfield code="a">unmediated</subfield>
         <subfield code="b">n</subfield>
         <subfield code="2">rdamedia</subfield>
      </datafield>
      <datafield tag="338" ind1=" " ind2=" ">
         <subfield code="a">volume</subfield>
         <subfield code="b">nc</subfield>
         <subfield code="2">rdacarrier</subfield>
      </datafield>
      <datafield tag="546" ind1=" " ind2=" ">
         <subfield code="a">Table of contents, introduction, postscript and some captions also in English.</subfield>
      </datafield>
      <datafield tag="504" ind1=" " ind2=" ">
         <subfield code="a">Includes bibliographical references.</subfield>
      </datafield>
      <datafield tag="500" ind1=" " ind2=" ">
         <subfield code="a">ISAW copy is from the library of Valerie Hansen .</subfield>
         <subfield code="5">NNU</subfield>
      </datafield>
      <datafield tag="520" ind1=" " ind2=" ">
         <subfield code="6">880-04</subfield>
         <subfield code="a">Ben shu jie shao le 1990-1999 nian shi nian jian de bao da kao gu xin fa xian, quan shu fen Jiu shi qi shi dai, Xin shi qi shi dai, Xia Shang Zhou shi dai, Qin Han shi dai, San guo liang Jin Nan Bei chao shi dai, Sui Tang shi dai, Song Yuan Ming Qing shi dai 7 bian.</subfield>
      </datafield>
      <datafield tag="651" ind1=" " ind2="0">
         <subfield code="a">China</subfield>
         <subfield code="x">Antiquities.</subfield>
      </datafield>
      <datafield tag="650" ind1=" " ind2="0">
         <subfield code="a">Excavations (Archaeology)</subfield>
         <subfield code="z">China.</subfield>
      </datafield>
      <datafield tag="650" ind1=" " ind2="7">
         <subfield code="a">Antiquities.</subfield>
         <subfield code="2">fast</subfield>
         <subfield code="0">(OCoLC)fst00810745</subfield>
      </datafield>
      <datafield tag="650" ind1=" " ind2="7">
         <subfield code="a">Excavations (Archaeology)</subfield>
         <subfield code="2">fast</subfield>
         <subfield code="0">(OCoLC)fst00917564</subfield>
      </datafield>
      <datafield tag="651" ind1=" " ind2="7">
         <subfield code="a">China.</subfield>
         <subfield code="2">fast</subfield>
         <subfield code="0">(OCoLC)fst01206073</subfield>
      </datafield>
      <datafield tag="700" ind1="1" ind2=" ">
         <subfield code="6">880-05</subfield>
         <subfield code="a">Li, Wenru.</subfield>
      </datafield>
      <datafield tag="710" ind1="1" ind2=" ">
         <subfield code="6">880-06</subfield>
         <subfield code="a">China.</subfield>
         <subfield code="b">Guo jia wen wu ju.</subfield>
      </datafield>
      <datafield tag="710" ind1="2" ind2=" ">
         <subfield code="6">880-07</subfield>
         <subfield code="a">Zhongguo kao gu xue hui.</subfield>
      </datafield>
      <datafield tag="710" ind1="2" ind2=" ">
         <subfield code="6">880-08</subfield>
         <subfield code="a">Zhongguo wen wu bao she.</subfield>
      </datafield>
      <datafield tag="776" ind1="0" ind2="8">
         <subfield code="i">Online version:</subfield>
         <subfield code="t">Zhongguo shi nian bai da kao gu xin fa xian.</subfield>
         <subfield code="b">Di 1 ban.</subfield>
         <subfield code="d">Beijing : Wen wu chu ban she, 2002</subfield>
         <subfield code="w">(OCoLC)741464294</subfield>
      </datafield>
      <datafield tag="796" ind1="1" ind2=" ">
         <subfield code="a">Hansen, Valerie,</subfield>
         <subfield code="e">former owner.</subfield>
      </datafield>
      <datafield tag="797" ind1="2" ind2=" ">
         <subfield code="a">Hansen Collection.</subfield>
      </datafield>
      <datafield tag="880" ind1="0" ind2="0">
         <subfield code="6">245-01/</subfield>
         <subfield code="a">中国十年百大考古新发现 =</subfield>
         <subfield code="b">Top 100 new archaeological discoveries of China 1990-1999 /</subfield>
         <subfield code="c">李文儒主编 ; 国家文物局, 中国考古学会, 中国文物报社编著.</subfield>
      </datafield>
      <datafield tag="880" ind1=" " ind2=" ">
         <subfield code="6">250-02/</subfield>
         <subfield code="a">第1版.</subfield>
      </datafield>
      <datafield tag="880" ind1=" " ind2=" ">
         <subfield code="6">260-03/</subfield>
         <subfield code="a">北京 :</subfield>
         <subfield code="b">文物出版社,</subfield>
         <subfield code="c">2002.</subfield>
      </datafield>
      <datafield tag="880" ind1=" " ind2=" ">
         <subfield code="6">520-04/</subfield>
         <subfield code="a">本书介绍了1990-1999年十年间的百大考古新发现, 全书分旧石器时代, 新石器时代, 夏商周时代, 秦汉时代, 三国两晋南北朝时代, 隋唐时代, 宋元明清时代7编.</subfield>
      </datafield>
      <datafield tag="880" ind1="1" ind2=" ">
         <subfield code="6">700-05/</subfield>
         <subfield code="a">李文儒.</subfield>
      </datafield>
      <datafield tag="880" ind1="1" ind2=" ">
         <subfield code="6">710-06/</subfield>
         <subfield code="a">China.</subfield>
         <subfield code="b">国家文物局.</subfield>
      </datafield>
      <datafield tag="880" ind1="2" ind2=" ">
         <subfield code="6">710-07/</subfield>
         <subfield code="a">中国考古学会.</subfield>
      </datafield>
      <datafield tag="880" ind1="2" ind2=" ">
         <subfield code="6">710-08/</subfield>
         <subfield code="a">中国文物报社.</subfield>
      </datafield>
      <datafield tag="994" ind1=" " ind2=" ">
         <subfield code="a">Z0</subfield>
         <subfield code="b">ZYU</subfield>
      </datafield>
      <datafield tag="OWN" ind1=" " ind2=" ">
         <subfield code="a">GENERAL</subfield>
      </datafield>
      <datafield tag="AVA" ind1=" " ind2=" ">
         <subfield code="a">NYU50</subfield>
         <subfield code="b">NISAW</subfield>
         <subfield code="c">Large Collection</subfield>
         <subfield code="d">DS715 .Z465 2002</subfield>
         <subfield code="e">available</subfield>
         <subfield code="t">Available</subfield>
         <subfield code="f">2</subfield>
         <subfield code="g">0</subfield>
         <subfield code="h">Y</subfield>
         <subfield code="i">0</subfield>
         <subfield code="j">LARGE</subfield>
         <subfield code="k">0</subfield>
      </datafield>
      <marc:datafield tag="852" ind1=" " ind2=" ">
         <marc:subfield code="b">Institute for the Study of the Ancient World, </marc:subfield>
         <marc:subfield code="c">Large Collection</marc:subfield>
         <marc:subfield code="e">15 East 84th St., </marc:subfield>
         <marc:subfield code="e">New York, NY  10028</marc:subfield>
      </marc:datafield>
   </record>