
  
  
  
  
  
  
 
  
  <record xsi:schemaLocation="http://www.loc.gov/MARC21/slim http://www.loc.gov/standards/marcxml/schema/MARC21slim.xsd">
      <leader>00000cam a22      i 4500</leader>
      <controlfield tag="FMT">BK</controlfield>
      <controlfield tag="LDR">00000cam a22      i 4500</controlfield>
      <controlfield tag="001">004169744</controlfield>
      <controlfield tag="005">20150825132500.0</controlfield>
      <controlfield tag="008">150825s1924    is       b    000 0 hebr</controlfield>
      <datafield tag="010" ind1=" " ind2=" ">
         <subfield code="a">   47035412</subfield>
      </datafield>
      <datafield tag="035" ind1=" " ind2=" ">
         <subfield code="a">(OCoLC)13154413</subfield>
      </datafield>
      <datafield tag="040" ind1=" " ind2=" ">
         <subfield code="a">DLC</subfield>
         <subfield code="b">eng</subfield>
         <subfield code="c">DVP</subfield>
         <subfield code="d">DVP</subfield>
         <subfield code="d">OCLCQ</subfield>
         <subfield code="d">OCLCG</subfield>
         <subfield code="d">CUY</subfield>
         <subfield code="d">OCLCF</subfield>
         <subfield code="d">OCLCQ</subfield>
         <subfield code="d">OCLCO</subfield>
         <subfield code="d">NNU</subfield>
      </datafield>
      <datafield tag="043" ind1=" " ind2=" ">
         <subfield code="a">a-is---</subfield>
      </datafield>
      <datafield tag="050" ind1="0" ind2="4">
         <subfield code="a">DS118</subfield>
         <subfield code="b">.K66 1924</subfield>
      </datafield>
      <datafield tag="100" ind1="1" ind2=" ">
         <subfield code="a">Klein, Samuel,</subfield>
         <subfield code="d">1886-1940,</subfield>
         <subfield code="e">author.</subfield>
      </datafield>
      <datafield tag="245" ind1="1" ind2="0">
         <subfield code="6">880-01</subfield>
         <subfield code="a">ʻEver ha-Yarden ha-yehudi</subfield>
         <subfield code="b">mi-zeman Bayit-sheni ʻad ha-meʼah ha-aḥaronah shel Yeme ha-Benayim,</subfield>
         <subfield code="c">me-et Shemuʼel Ḳlein.</subfield>
      </datafield>
      <datafield tag="264" ind1=" " ind2="1">
         <subfield code="6">880-02</subfield>
         <subfield code="a">Ṿinah :</subfield>
         <subfield code="b">"Menorah",</subfield>
         <subfield code="c">685 [1924 or 1925]</subfield>
      </datafield>
      <datafield tag="300" ind1=" " ind2=" ">
         <subfield code="a">v, 84 pages ;</subfield>
         <subfield code="c">22 cm</subfield>
      </datafield>
      <datafield tag="336" ind1=" " ind2=" ">
         <subfield code="a">text</subfield>
         <subfield code="b">txt</subfield>
         <subfield code="2">rdacontent</subfield>
      </datafield>
      <datafield tag="337" ind1=" " ind2=" ">
         <subfield code="a">unmediated</subfield>
         <subfield code="b">n</subfield>
         <subfield code="2">rdamedia</subfield>
      </datafield>
      <datafield tag="338" ind1=" " ind2=" ">
         <subfield code="a">volume</subfield>
         <subfield code="b">nc</subfield>
         <subfield code="2">rdacarrier</subfield>
      </datafield>
      <datafield tag="490" ind1="0" ind2=" ">
         <subfield code="6">880-03</subfield>
         <subfield code="a">Meḥḳarim Erets-Yiśreʼeliyim ... ;</subfield>
         <subfield code="v">ḥov. 3</subfield>
      </datafield>
      <datafield tag="504" ind1=" " ind2=" ">
         <subfield code="a">Includes bibliographical references.</subfield>
      </datafield>
      <datafield tag="500" ind1=" " ind2=" ">
         <subfield code="a">ISAW copy is from the Library of Hayim and Miriam Tadmor.</subfield>
         <subfield code="5">NNU</subfield>
      </datafield>
      <datafield tag="651" ind1=" " ind2="0">
         <subfield code="a">Palestine</subfield>
         <subfield code="x">History</subfield>
         <subfield code="y">70-638.</subfield>
      </datafield>
      <datafield tag="651" ind1=" " ind2="0">
         <subfield code="a">Palestine</subfield>
         <subfield code="x">History</subfield>
         <subfield code="y">638-1917.</subfield>
      </datafield>
      <datafield tag="776" ind1="0" ind2="8">
         <subfield code="i">Online version:</subfield>
         <subfield code="a">Klein, Samuel, 1886-1940.</subfield>
         <subfield code="t">ʻEver ha-Yarden ha-yehudi mi-zeman Bayit-sheni ʻad ha-meʼah ha-aḥaronah shel Yeme ha-Benayim.</subfield>
         <subfield code="d">Ṿinah, "Menurah", 685 [1924/25]</subfield>
         <subfield code="w">(OCoLC)703849691</subfield>
      </datafield>
      <datafield tag="796" ind1="1" ind2=" ">
         <subfield code="a">Tadmor, Hayim,</subfield>
         <subfield code="e">former owner.</subfield>
      </datafield>
      <datafield tag="796" ind1="1" ind2=" ">
         <subfield code="a">Tadmor, Miriam,</subfield>
         <subfield code="e">former owner.</subfield>
      </datafield>
      <datafield tag="797" ind1="2" ind2=" ">
         <subfield code="a">Tadmor Collection.</subfield>
      </datafield>
      <datafield tag="880" ind1="1" ind2="0">
         <subfield code="6">245-01/</subfield>
         <subfield code="a">עבר הירדן היהודי :</subfield>
         <subfield code="b">מזמן בית שני עד המאה האחרונה של ימי הבינים /</subfield>
         <subfield code="c">מאת שמואל קליין.</subfield>
      </datafield>
      <datafield tag="880" ind1=" " ind2="1">
         <subfield code="6">264-02/</subfield>
         <subfield code="a">וינה :</subfield>
         <subfield code="b">מנורה,</subfield>
         <subfield code="c">תרפ״ה [1924 או 1925]</subfield>
      </datafield>
      <datafield tag="880" ind1="1" ind2=" ">
         <subfield code="6">490-03/</subfield>
         <subfield code="a">מחקרים ארצישראליים :</subfield>
         <subfield code="v">חוב. 3</subfield>
      </datafield>
      <datafield tag="830" ind1=" " ind2="0">
         <subfield code="6">880-04</subfield>
         <subfield code="a">Meḥḳarim Erets-Yisraʼeliyim ;</subfield>
         <subfield code="v">ḥov. 3.</subfield>
      </datafield>
      <datafield tag="880" ind1=" " ind2="0">
         <subfield code="6">830-04/</subfield>
         <subfield code="a">מחקרים ארצישראליים ;</subfield>
         <subfield code="v">חוב. 3.</subfield>
      </datafield>
      <datafield tag="OWN" ind1=" " ind2=" ">
         <subfield code="a">GENERAL</subfield>
      </datafield>
      <datafield tag="AVA" ind1=" " ind2=" ">
         <subfield code="a">NYU50</subfield>
         <subfield code="b">NISAW</subfield>
         <subfield code="c">Small Collection</subfield>
         <subfield code="d">DS118 .K66 1924</subfield>
         <subfield code="e">available</subfield>
         <subfield code="t">Available</subfield>
         <subfield code="f">1</subfield>
         <subfield code="g">0</subfield>
         <subfield code="h">N</subfield>
         <subfield code="i">0</subfield>
         <subfield code="j">SMALL</subfield>
         <subfield code="k">0</subfield>
      </datafield>
      <marc:datafield tag="852" ind1=" " ind2=" ">
         <marc:subfield code="b">Institute for the Study of the Ancient World, </marc:subfield>
         <marc:subfield code="c">Small Collection</marc:subfield>
         <marc:subfield code="e">15 East 84th St., </marc:subfield>
         <marc:subfield code="e">New York, NY  10028</marc:subfield>
      </marc:datafield>
   </record>