
  
  
  
  
  
  
  
 
  
  <record xsi:schemaLocation="http://www.loc.gov/MARC21/slim http://www.loc.gov/standards/marcxml/schema/MARC21slim.xsd">
      <leader>00000cam  2200709 a 4500</leader>
      <controlfield tag="FMT">BK</controlfield>
      <controlfield tag="LDR">00000cam  2200709 a 4500</controlfield>
      <controlfield tag="001">004169651</controlfield>
      <controlfield tag="003">OCoLC</controlfield>
      <controlfield tag="005">20150825093706.0</controlfield>
      <controlfield tag="008">150825s1994    cc            001 0 chi d</controlfield>
      <datafield tag="010" ind1=" " ind2=" ">
         <subfield code="a">95466044</subfield>
      </datafield>
      <datafield tag="020" ind1=" " ind2=" ">
         <subfield code="a">7532514617</subfield>
         <subfield code="q">(set)</subfield>
      </datafield>
      <datafield tag="020" ind1=" " ind2=" ">
         <subfield code="a">9787532514618</subfield>
         <subfield code="q">(set)</subfield>
      </datafield>
      <datafield tag="035" ind1=" " ind2=" ">
         <subfield code="a">(OCoLC)32763555</subfield>
      </datafield>
      <datafield tag="040" ind1=" " ind2=" ">
         <subfield code="a">HkUST</subfield>
         <subfield code="b">eng</subfield>
         <subfield code="c">HNK</subfield>
         <subfield code="d">DLC</subfield>
         <subfield code="d">SINLB</subfield>
         <subfield code="d">CALIS</subfield>
         <subfield code="d">OCLCF</subfield>
         <subfield code="d">OCLCQ</subfield>
         <subfield code="d">OCLCO</subfield>
         <subfield code="d">OCL</subfield>
         <subfield code="d">ZYU</subfield>
         <subfield code="d">NNU</subfield>
      </datafield>
      <datafield tag="042" ind1=" " ind2=" ">
         <subfield code="a">lccopycat</subfield>
      </datafield>
      <datafield tag="043" ind1=" " ind2=" ">
         <subfield code="a">az-----</subfield>
         <subfield code="a">a-cc---</subfield>
      </datafield>
      <datafield tag="050" ind1="0" ind2="0">
         <subfield code="a">DS331</subfield>
         <subfield code="b">.C46 1994</subfield>
      </datafield>
      <datafield tag="050" ind1=" " ind2="4">
         <subfield code="a">DS740.4</subfield>
         <subfield code="b">.Z48 1994</subfield>
      </datafield>
      <datafield tag="066" ind1=" " ind2=" ">
         <subfield code="c">$1</subfield>
      </datafield>
      <datafield tag="082" ind1="0" ind2="4">
         <subfield code="a">958</subfield>
      </datafield>
      <datafield tag="245" ind1="0" ind2="0">
         <subfield code="6">880-01</subfield>
         <subfield code="a">Zhongguo zai ji zhong nan Ya shi liao hui bian /</subfield>
         <subfield code="c">Beijing da xue nan Ya yan jiu suo bian.</subfield>
      </datafield>
      <datafield tag="246" ind1="1" ind2="4">
         <subfield code="a">Collection of south Asian historical materials from Chinese sources</subfield>
      </datafield>
      <datafield tag="250" ind1=" " ind2=" ">
         <subfield code="6">880-02</subfield>
         <subfield code="a">Di 1 ban.</subfield>
      </datafield>
      <datafield tag="260" ind1=" " ind2=" ">
         <subfield code="6">880-03</subfield>
         <subfield code="a">Shanghai :</subfield>
         <subfield code="b">Shanghai gu ji chu ban she,</subfield>
         <subfield code="c">1994.</subfield>
      </datafield>
      <datafield tag="300" ind1=" " ind2=" ">
         <subfield code="a">2 volumes (2, 5, 3, 1240 pages) ;</subfield>
         <subfield code="c">21 cm</subfield>
      </datafield>
      <datafield tag="336" ind1=" " ind2=" ">
         <subfield code="a">text</subfield>
         <subfield code="b">txt</subfield>
         <subfield code="2">rdacontent</subfield>
      </datafield>
      <datafield tag="337" ind1=" " ind2=" ">
         <subfield code="a">unmediated</subfield>
         <subfield code="b">n</subfield>
         <subfield code="2">rdamedia</subfield>
      </datafield>
      <datafield tag="338" ind1=" " ind2=" ">
         <subfield code="a">volume</subfield>
         <subfield code="b">nc</subfield>
         <subfield code="2">rdacarrier</subfield>
      </datafield>
      <datafield tag="500" ind1=" " ind2=" ">
         <subfield code="a">Includes indexes.</subfield>
      </datafield>
      <datafield tag="500" ind1=" " ind2=" ">
         <subfield code="a">ISAW copy is from the library of Valerie Hansen.</subfield>
         <subfield code="5">NNU</subfield>
      </datafield>
      <datafield tag="520" ind1=" " ind2=" ">
         <subfield code="6">880-04</subfield>
         <subfield code="a">Ben shu ji lu zhong guo dian ji yuan shu shi liao er cheng. Di yi ce cong Han chao dao Tang chao Wu dai, di er ce wei Song chao dao Qing chao de 1840 nian, di san ce shi 1840 nian hou de jin dai bu fen, di si de xuan shou li shi bei ming shi ke zhong de you guan zi liao.</subfield>
      </datafield>
      <datafield tag="651" ind1=" " ind2="0">
         <subfield code="a">South Asia</subfield>
         <subfield code="x">History</subfield>
         <subfield code="x">Sources.</subfield>
      </datafield>
      <datafield tag="651" ind1=" " ind2="0">
         <subfield code="a">China</subfield>
         <subfield code="x">Relations</subfield>
         <subfield code="z">South Asia.</subfield>
      </datafield>
      <datafield tag="651" ind1=" " ind2="0">
         <subfield code="a">South Asia</subfield>
         <subfield code="x">Relations</subfield>
         <subfield code="z">China.</subfield>
      </datafield>
      <datafield tag="650" ind1=" " ind2="7">
         <subfield code="a">International relations.</subfield>
         <subfield code="2">fast</subfield>
         <subfield code="0">(OCoLC)fst00977053</subfield>
      </datafield>
      <datafield tag="651" ind1=" " ind2="7">
         <subfield code="a">China.</subfield>
         <subfield code="2">fast</subfield>
         <subfield code="0">(OCoLC)fst01206073</subfield>
      </datafield>
      <datafield tag="651" ind1=" " ind2="7">
         <subfield code="a">South Asia.</subfield>
         <subfield code="2">fast</subfield>
         <subfield code="0">(OCoLC)fst01244520</subfield>
      </datafield>
      <datafield tag="655" ind1=" " ind2="7">
         <subfield code="a">History.</subfield>
         <subfield code="2">fast</subfield>
         <subfield code="0">(OCoLC)fst01411628</subfield>
      </datafield>
      <datafield tag="655" ind1=" " ind2="7">
         <subfield code="a">Sources.</subfield>
         <subfield code="2">fast</subfield>
         <subfield code="0">(OCoLC)fst01423900</subfield>
      </datafield>
      <datafield tag="710" ind1="2" ind2=" ">
         <subfield code="6">880-05</subfield>
         <subfield code="a">Beijing da xue.</subfield>
         <subfield code="b">Nan Ya yan jiu suo.</subfield>
      </datafield>
      <datafield tag="776" ind1="0" ind2="8">
         <subfield code="i">Online version:</subfield>
         <subfield code="t">Zhongguo zai ji zhong nan Ya shi liao hui bian.</subfield>
         <subfield code="b">Di 1 ban.</subfield>
         <subfield code="d">Shanghai : Shanghai gu ji chu ban she, 1994</subfield>
         <subfield code="w">(OCoLC)649949135</subfield>
      </datafield>
      <datafield tag="796" ind1="1" ind2=" ">
         <subfield code="a">Hansen, Valerie,</subfield>
         <subfield code="e">former owner.</subfield>
      </datafield>
      <datafield tag="797" ind1="2" ind2=" ">
         <subfield code="a">Hansen Collection.</subfield>
      </datafield>
      <datafield tag="880" ind1="0" ind2="0">
         <subfield code="6">245-01/</subfield>
         <subfield code="a">中國載籍中南亞史料匯編 /</subfield>
         <subfield code="c">北京大學南亞研究所編.</subfield>
      </datafield>
      <datafield tag="880" ind1=" " ind2=" ">
         <subfield code="6">250-02/</subfield>
         <subfield code="a">第1版.</subfield>
      </datafield>
      <datafield tag="880" ind1=" " ind2=" ">
         <subfield code="6">260-03/</subfield>
         <subfield code="a">上海 :</subfield>
         <subfield code="b">上海古籍出版社,</subfield>
         <subfield code="c">1994.</subfield>
      </datafield>
      <datafield tag="880" ind1=" " ind2=" ">
         <subfield code="6">520-04/</subfield>
         <subfield code="a">本书辑录中国典籍原书史料而成. 第一册从汉朝到唐朝五代, 第二册为宋朝到清朝的1840年, 第三册是1840年后的近代部分, 第四册选收历史碑铭石刻中的有关资料.</subfield>
      </datafield>
      <datafield tag="880" ind1=" " ind2=" ">
         <subfield code="6">500-00/</subfield>
         <subfield code="a">英文题名 : Collecction of south asian historical materials from Chinesesources.</subfield>
      </datafield>
      <datafield tag="880" ind1="0" ind2="7">
         <subfield code="6">650-00/</subfield>
         <subfield code="a">史料</subfield>
         <subfield code="z">南亚.</subfield>
         <subfield code="2">cct</subfield>
      </datafield>
      <datafield tag="880" ind1="2" ind2=" ">
         <subfield code="6">710-05/</subfield>
         <subfield code="a">北京大學.</subfield>
         <subfield code="b">南亞研究所.</subfield>
      </datafield>
      <datafield tag="994" ind1=" " ind2=" ">
         <subfield code="a">Z0</subfield>
         <subfield code="b">ZYU</subfield>
      </datafield>
      <datafield tag="OWN" ind1=" " ind2=" ">
         <subfield code="a">GENERAL</subfield>
      </datafield>
      <datafield tag="AVA" ind1=" " ind2=" ">
         <subfield code="a">NYU50</subfield>
         <subfield code="b">NISAW</subfield>
         <subfield code="c">Small Collection</subfield>
         <subfield code="d">DS740.4 .C48 1994</subfield>
         <subfield code="e">available</subfield>
         <subfield code="t">Available</subfield>
         <subfield code="f">2</subfield>
         <subfield code="g">0</subfield>
         <subfield code="h">Y</subfield>
         <subfield code="i">0</subfield>
         <subfield code="j">SMALL</subfield>
         <subfield code="k">0</subfield>
      </datafield>
      <marc:datafield tag="852" ind1=" " ind2=" ">
         <marc:subfield code="b">Institute for the Study of the Ancient World, </marc:subfield>
         <marc:subfield code="c">Small Collection</marc:subfield>
         <marc:subfield code="e">15 East 84th St., </marc:subfield>
         <marc:subfield code="e">New York, NY  10028</marc:subfield>
      </marc:datafield>
   </record>