
  
  
  
  
  
  
 
  
  <record xsi:schemaLocation="http://www.loc.gov/MARC21/slim http://www.loc.gov/standards/marcxml/schema/MARC21slim.xsd">
      <leader>00000cam  2200349 a 4500</leader>
      <controlfield tag="FMT">BK</controlfield>
      <controlfield tag="LDR">00000cam  2200349 a 4500</controlfield>
      <controlfield tag="001">004170044</controlfield>
      <controlfield tag="003">OCoLC</controlfield>
      <controlfield tag="005">20150826120319.0</controlfield>
      <controlfield tag="008">150826s199u    cc a     b    100 0 chi d</controlfield>
      <datafield tag="035" ind1=" " ind2=" ">
         <subfield code="a">(OCoLC)40742063</subfield>
      </datafield>
      <datafield tag="040" ind1=" " ind2=" ">
         <subfield code="a">PIT</subfield>
         <subfield code="b">eng</subfield>
         <subfield code="c">PIT</subfield>
         <subfield code="d">NNU</subfield>
      </datafield>
      <datafield tag="043" ind1=" " ind2=" ">
         <subfield code="a">a-cc-su</subfield>
      </datafield>
      <datafield tag="050" ind1=" " ind2="4">
         <subfield code="a">DS797.84.T858</subfield>
         <subfield code="b">C85 1990</subfield>
      </datafield>
      <datafield tag="066" ind1=" " ind2=" ">
         <subfield code="c">$1</subfield>
      </datafield>
      <datafield tag="110" ind1="2" ind2=" ">
         <subfield code="6">880-01</subfield>
         <subfield code="a">Zhongguo Tulufan xue xue hui.</subfield>
         <subfield code="b">Zhongguo Tulufan xue xue hui di yi ci xue shu yan tao hui</subfield>
         <subfield code="d">(1990 :</subfield>
         <subfield code="c">Tulufan, China)</subfield>
      </datafield>
      <datafield tag="245" ind1="1" ind2="0">
         <subfield code="6">880-02</subfield>
         <subfield code="a">Zhongguo Tulufan xue xue hui di yi ci xue shu yan tao hui lun wen ji /</subfield>
         <subfield code="c">Zhongguo Tulufan xue xue hui mi shu chu bian.</subfield>
      </datafield>
      <datafield tag="260" ind1=" " ind2=" ">
         <subfield code="6">880-03</subfield>
         <subfield code="a">[Wulumuqi :</subfield>
         <subfield code="b">s.n.,</subfield>
         <subfield code="c">199-]</subfield>
      </datafield>
      <datafield tag="300" ind1=" " ind2=" ">
         <subfield code="a">2, 2, 285 p., :</subfield>
         <subfield code="b">ill. ;</subfield>
         <subfield code="c">21 cm.</subfield>
      </datafield>
      <datafield tag="504" ind1=" " ind2=" ">
         <subfield code="a">Includes bibliographical references.</subfield>
      </datafield>
      <datafield tag="500" ind1=" " ind2=" ">
         <subfield code="a">ISAW copy is from the library of Valerie Hansen.</subfield>
         <subfield code="5">NNU</subfield>
      </datafield>
      <datafield tag="651" ind1=" " ind2="0">
         <subfield code="6">880-04</subfield>
         <subfield code="a">Tulufan Xian (China)</subfield>
         <subfield code="x">Antiquities</subfield>
         <subfield code="x">Congresses.</subfield>
      </datafield>
      <datafield tag="651" ind1=" " ind2="0">
         <subfield code="6">880-05</subfield>
         <subfield code="a">Tulufan Xian (China)</subfield>
         <subfield code="x">History</subfield>
         <subfield code="x">Congresses.</subfield>
      </datafield>
      <datafield tag="710" ind1="2" ind2=" ">
         <subfield code="6">880-06</subfield>
         <subfield code="a">Zhongguo Tulufan xue xue hui mi shu chu.</subfield>
      </datafield>
      <datafield tag="796" ind1="1" ind2=" ">
         <subfield code="a">Hansen, Valerie,</subfield>
         <subfield code="e">former owner.</subfield>
      </datafield>
      <datafield tag="797" ind1="2" ind2=" ">
         <subfield code="a">Hansen Collection.</subfield>
      </datafield>
      <datafield tag="880" ind1="2" ind2=" ">
         <subfield code="6">110-01/</subfield>
         <subfield code="a">中国吐鲁番学学会.</subfield>
         <subfield code="b">中国吐鲁番学学会第一次学术研讨会</subfield>
         <subfield code="d">(1990 :</subfield>
         <subfield code="c">Tulufan, China)</subfield>
      </datafield>
      <datafield tag="880" ind1="1" ind2="0">
         <subfield code="6">245-02/</subfield>
         <subfield code="a">中国吐鲁番学学会第一次学术研讨会论文集 /</subfield>
         <subfield code="c">中国吐鲁番学学会秘书处编.</subfield>
      </datafield>
      <datafield tag="880" ind1=" " ind2=" ">
         <subfield code="6">260-03/</subfield>
         <subfield code="a">[乌鲁木齐 :</subfield>
         <subfield code="b">s.n.,</subfield>
         <subfield code="c">199-]</subfield>
      </datafield>
      <datafield tag="880" ind1=" " ind2="0">
         <subfield code="6">651-04/</subfield>
         <subfield code="a">吐魯番县 (China)</subfield>
         <subfield code="x">Antiquities</subfield>
         <subfield code="x">Congresses.</subfield>
      </datafield>
      <datafield tag="880" ind1=" " ind2="0">
         <subfield code="6">651-05/</subfield>
         <subfield code="a">吐魯番县 (China)</subfield>
         <subfield code="x">History</subfield>
         <subfield code="x">Congresses.</subfield>
      </datafield>
      <datafield tag="880" ind1="2" ind2=" ">
         <subfield code="6">710-06/</subfield>
         <subfield code="a">中国吐鲁番学学会秘书处.</subfield>
      </datafield>
      <datafield tag="994" ind1=" " ind2=" ">
         <subfield code="a">Z0</subfield>
         <subfield code="b">ZYU</subfield>
      </datafield>
      <datafield tag="OWN" ind1=" " ind2=" ">
         <subfield code="a">GENERAL</subfield>
      </datafield>
      <datafield tag="AVA" ind1=" " ind2=" ">
         <subfield code="a">NYU50</subfield>
         <subfield code="b">NISAW</subfield>
         <subfield code="c">Small Collection</subfield>
         <subfield code="d">DS797.84.T858 C85 1990</subfield>
         <subfield code="e">available</subfield>
         <subfield code="t">Available</subfield>
         <subfield code="f">1</subfield>
         <subfield code="g">0</subfield>
         <subfield code="h">N</subfield>
         <subfield code="i">0</subfield>
         <subfield code="j">SMALL</subfield>
         <subfield code="k">0</subfield>
      </datafield>
      <marc:datafield tag="852" ind1=" " ind2=" ">
         <marc:subfield code="b">Institute for the Study of the Ancient World, </marc:subfield>
         <marc:subfield code="c">Small Collection</marc:subfield>
         <marc:subfield code="e">15 East 84th St., </marc:subfield>
         <marc:subfield code="e">New York, NY  10028</marc:subfield>
      </marc:datafield>
   </record>