
  
  
  
  
  
 
  
  <record xsi:schemaLocation="http://www.loc.gov/MARC21/slim http://www.loc.gov/standards/marcxml/schema/MARC21slim.xsd">
      <leader>00000cam  2200541 i 4500</leader>
      <controlfield tag="FMT">BK</controlfield>
      <controlfield tag="LDR">00000cam  2200541 i 4500</controlfield>
      <controlfield tag="001">004170343</controlfield>
      <controlfield tag="003">OCoLC</controlfield>
      <controlfield tag="005">20150827165247.0</controlfield>
      <controlfield tag="008">150827s2015    ne ab    b    001 0 eng</controlfield>
      <datafield tag="010" ind1=" " ind2=" ">
         <subfield code="a">2015011611</subfield>
      </datafield>
      <datafield tag="015" ind1=" " ind2=" ">
         <subfield code="a">GBB502299</subfield>
         <subfield code="2">bnb</subfield>
      </datafield>
      <datafield tag="016" ind1="7" ind2=" ">
         <subfield code="a">017002328</subfield>
         <subfield code="2">Uk</subfield>
      </datafield>
      <datafield tag="020" ind1=" " ind2=" ">
         <subfield code="a">9789004277021 (hardback : acid-free paper)</subfield>
      </datafield>
      <datafield tag="020" ind1=" " ind2=" ">
         <subfield code="a">9004277021 (hardback : acid-free paper)</subfield>
      </datafield>
      <datafield tag="035" ind1=" " ind2=" ">
         <subfield code="a">(OCoLC)893454781</subfield>
      </datafield>
      <datafield tag="040" ind1=" " ind2=" ">
         <subfield code="a">DLC</subfield>
         <subfield code="b">eng</subfield>
         <subfield code="e">rda</subfield>
         <subfield code="c">DLC</subfield>
         <subfield code="d">YDX</subfield>
         <subfield code="d">YDXCP</subfield>
         <subfield code="d">UKMGB</subfield>
         <subfield code="d">ERASA</subfield>
         <subfield code="d">CDX</subfield>
         <subfield code="d">NNU</subfield>
      </datafield>
      <datafield tag="041" ind1="0" ind2=" ">
         <subfield code="a">eng</subfield>
         <subfield code="b">fre</subfield>
      </datafield>
      <datafield tag="042" ind1=" " ind2=" ">
         <subfield code="a">pcc</subfield>
      </datafield>
      <datafield tag="043" ind1=" " ind2=" ">
         <subfield code="a">mm-----</subfield>
         <subfield code="a">aw-----</subfield>
      </datafield>
      <datafield tag="050" ind1="0" ind2="0">
         <subfield code="a">DE59.5</subfield>
         <subfield code="b">.F43 2015</subfield>
      </datafield>
      <datafield tag="082" ind1="0" ind2="0">
         <subfield code="a">930.1</subfield>
         <subfield code="2">23</subfield>
      </datafield>
      <datafield tag="245" ind1="0" ind2="0">
         <subfield code="a">Field methods and post-excavation techniques in late antique archaeology /</subfield>
         <subfield code="c">edited by Luke Lavan and Michael Mulryan.</subfield>
      </datafield>
      <datafield tag="250" ind1=" " ind2=" ">
         <subfield code="a">Hardback edition.</subfield>
      </datafield>
      <datafield tag="264" ind1=" " ind2="1">
         <subfield code="a">Leiden :</subfield>
         <subfield code="b">Brill,</subfield>
         <subfield code="c">2015.</subfield>
      </datafield>
      <datafield tag="300" ind1=" " ind2=" ">
         <subfield code="a">xiv, 687 pages :</subfield>
         <subfield code="b">illustrations, maps ;</subfield>
         <subfield code="c">25 cm.</subfield>
      </datafield>
      <datafield tag="336" ind1=" " ind2=" ">
         <subfield code="a">text</subfield>
         <subfield code="b">txt</subfield>
         <subfield code="2">rdacontent</subfield>
      </datafield>
      <datafield tag="337" ind1=" " ind2=" ">
         <subfield code="a">unmediated</subfield>
         <subfield code="b">n</subfield>
         <subfield code="2">rdamedia</subfield>
      </datafield>
      <datafield tag="338" ind1=" " ind2=" ">
         <subfield code="a">volume</subfield>
         <subfield code="b">nc</subfield>
         <subfield code="2">rdacarrier</subfield>
      </datafield>
      <datafield tag="490" ind1="1" ind2=" ">
         <subfield code="a">Late antique archaeology ;</subfield>
         <subfield code="v">9</subfield>
      </datafield>
      <datafield tag="500" ind1=" " ind2=" ">
         <subfield code="a">"Originally published as Volume 9 (2012) of Brill's journal Late Antique Archaeology."</subfield>
      </datafield>
      <datafield tag="520" ind1="2" ind2=" ">
         <subfield code="a">"Archaeologists working on late antique sites have not spent enough time thinking about methodology. Their focus has often been on recovering and cataloguing evidence, or on the study of specific historical problems. Digging has often been more important than publishing, which has rarely extended beyond the basic summaries found in preliminary reports. The re-emergence of clearance excavation, fuelled by the demands of tourism, has further reduced the value of urban excavations in the East Mediterranean. Here, late antique levels have suffered, in the hunt for photogenic early imperial architecture. This volume attempts to address this situation by offering a critique of present practice and a series of exemplars, alongside discussion articles on field technique and post-excavation analysis. The scope of the articles ranges from urban survey to the study of finds. Finally, the book considers if we need to develop specific field methods appropriate to the study of late antiquity. Contributors are John Bintliff, Jeremy Evans, Axel Gering, Stefan Groh, Nikolaos D. Karydis, Veli Köse, Luke Lavan, Zsolt Magyar, Philip Mills, John Pearce, Steve Roskams, Helga Sedlmayer, Ellen Swift, Itamar Taxel, Douglas Underwood, Lutgarde Vandeput and Joe Williams"--Provided by publisher.</subfield>
      </datafield>
      <datafield tag="504" ind1=" " ind2=" ">
         <subfield code="a">Includes bibliographical references and index.</subfield>
      </datafield>
      <datafield tag="505" ind1="0" ind2="0">
         <subfield code="t">Field methods and post excavation techniques in late antique archaeology : anyone for discussion? /</subfield>
         <subfield code="r">Luke Lavan --</subfield>
         <subfield code="g">[1]</subfield>
         <subfield code="t">Period-specific methods?</subfield>
         <subfield code="t">"Late antique field archaeology" : a legitimate aim? /</subfield>
         <subfield code="r">Steve Roskams --</subfield>
         <subfield code="t">Distinctive field methods for late antiquity : some suggestions /</subfield>
         <subfield code="r">Luke Lavan --</subfield>
         <subfield code="t">The analysis of reused material culture for late antique studies /</subfield>
         <subfield code="r">Ellen Swift.</subfield>
         <subfield code="g">[2]</subfield>
         <subfield code="t">The regional development of field methods.</subfield>
         <subfield code="t">Late antique archaeology in Hungary : the development of fieldwork methodologies /</subfield>
         <subfield code="r">Zsolt Magyar --</subfield>
         <subfield code="t">Late antique archaeology in the Holy Land : evolution, fieldwork methods and post-excavation analyses /</subfield>
         <subfield code="r">Itamar Taxel --</subfield>
         <subfield code="g">[3]</subfield>
         <subfield code="t">Urban and rural survey.</subfield>
         <subfield code="t">Central Greece in late antiquity : the evidence from the Boeotia Project /</subfield>
         <subfield code="r">John Bintliff --</subfield>
         <subfield code="t">Survey in the Taurus Mountains : methodologies of the Pisidia Survey Project /</subfield>
         <subfield code="r">Lutgarde Vandeput and Veli Kose --</subfield>
         <subfield code="g">[4]</subfield>
         <subfield code="t">Restudying excavated sites.</subfield>
         <subfield code="t">Ruins, rubbish dumps and encroachment : resurveying late antique Ostia /</subfield>
         <subfield code="r">Axel Gering --</subfield>
         <subfield code="t">The Agorai of Sagalassos in late antiquity : an interpretive study /</subfield>
         <subfield code="r">Luke Lavan.</subfield>
      </datafield>
      <datafield tag="505" ind1="0" ind2=" ">
         <subfield code="g">[5]</subfield>
         <subfield code="t">Buildings archaeology.</subfield>
         <subfield code="t">The early Byzantine domed basilicas of West Asia Minor : an essay in graphic reconstruction /</subfield>
         <subfield code="r">Nikolaos D. Karydis --</subfield>
         <subfield code="t">Reuse as archaeology in Ostia : a test case for late antique building chronologies in Ostia /</subfield>
         <subfield code="r">Douglas Underwood.</subfield>
         <subfield code="g">[6]</subfield>
         <subfield code="t">Special deposits and contextual analysis.</subfield>
         <subfield code="t">Approaches to artefact assemblages : inventories, imagery, and stratified deposits /</subfield>
         <subfield code="r">Joe Williams --</subfield>
         <subfield code="t">Beyond the grave : excavating the dead in the late Roman provinces /</subfield>
         <subfield code="r">John Pearce --</subfield>
         <subfield code="t">Contextual archaeology : the late antique fort and Vicus Favianis/Mautern : methods and results /</subfield>
         <subfield code="r">Stefan Groh and Helga Sedlmayer.g [7]</subfield>
         <subfield code="t">Material culture studies.</subfield>
         <subfield code="t">Food for thought : the potential and problems of faunal evidence for interpreting late antique society /</subfield>
         <subfield code="r">Steve Roskams --</subfield>
         <subfield code="t">Excavation, processing and studying the pottery from Ras El Bassit, Syria /</subfield>
         <subfield code="r">Jeremy Evans and Philip Mills --</subfield>
         <subfield code="t">The potential of ceramic building materials in understanding late antique archaeology /</subfield>
         <subfield code="r">Philip Mills --</subfield>
         <subfield code="t">The potential of laser scanning Roman buildings /</subfield>
         <subfield code="r">Yoshiki Hori.</subfield>
      </datafield>
      <datafield tag="546" ind1=" " ind2=" ">
         <subfield code="a">English; abstracts in French.</subfield>
      </datafield>
      <datafield tag="651" ind1=" " ind2="0">
         <subfield code="a">Mediterranean Region</subfield>
         <subfield code="x">Antiquities</subfield>
         <subfield code="x">Collection and preservation.</subfield>
      </datafield>
      <datafield tag="651" ind1=" " ind2="0">
         <subfield code="a">Middle East</subfield>
         <subfield code="x">Antiquities</subfield>
         <subfield code="x">Collection and preservation.</subfield>
      </datafield>
      <datafield tag="650" ind1=" " ind2="0">
         <subfield code="a">Archaeology</subfield>
         <subfield code="z">Mediterranean Region</subfield>
         <subfield code="x">Methodology.</subfield>
      </datafield>
      <datafield tag="650" ind1=" " ind2="0">
         <subfield code="a">Archaeology</subfield>
         <subfield code="z">Middle East</subfield>
         <subfield code="x">Methodology.</subfield>
      </datafield>
      <datafield tag="650" ind1=" " ind2="0">
         <subfield code="a">Archaeology</subfield>
         <subfield code="x">Fieldwork</subfield>
         <subfield code="z">Mediterranean Region.</subfield>
      </datafield>
      <datafield tag="650" ind1=" " ind2="0">
         <subfield code="a">Archaeology</subfield>
         <subfield code="x">Fieldwork</subfield>
         <subfield code="z">Middle East.</subfield>
      </datafield>
      <datafield tag="650" ind1=" " ind2="0">
         <subfield code="a">Excavations (Archaeology)</subfield>
         <subfield code="z">Mediterranean Region.</subfield>
      </datafield>
      <datafield tag="650" ind1=" " ind2="0">
         <subfield code="a">Excavations (Archaeology)</subfield>
         <subfield code="z">Middle East.</subfield>
      </datafield>
      <datafield tag="700" ind1="1" ind2=" ">
         <subfield code="a">Lavan, Luke,</subfield>
         <subfield code="e">editor.</subfield>
      </datafield>
      <datafield tag="700" ind1="1" ind2=" ">
         <subfield code="a">Mulryan, Michael,</subfield>
         <subfield code="e">editor.</subfield>
      </datafield>
      <datafield tag="830" ind1=" " ind2="0">
         <subfield code="a">Late antique archaeology ;</subfield>
         <subfield code="v">v. 9.</subfield>
      </datafield>
      <datafield tag="994" ind1=" " ind2=" ">
         <subfield code="a">Z0</subfield>
         <subfield code="b">ZYU</subfield>
      </datafield>
      <datafield tag="OWN" ind1=" " ind2=" ">
         <subfield code="a">GENERAL</subfield>
      </datafield>
      <datafield tag="AVA" ind1=" " ind2=" ">
         <subfield code="a">NYU50</subfield>
         <subfield code="b">NISAW</subfield>
         <subfield code="c">Small Collection</subfield>
         <subfield code="d">DE59.5 .F43 2015</subfield>
         <subfield code="e">available</subfield>
         <subfield code="t">Available</subfield>
         <subfield code="f">1</subfield>
         <subfield code="g">0</subfield>
         <subfield code="h">N</subfield>
         <subfield code="i">0</subfield>
         <subfield code="j">SMALL</subfield>
         <subfield code="k">0</subfield>
      </datafield>
      <marc:datafield tag="852" ind1=" " ind2=" ">
         <marc:subfield code="b">Institute for the Study of the Ancient World, </marc:subfield>
         <marc:subfield code="c">Small Collection</marc:subfield>
         <marc:subfield code="e">15 East 84th St., </marc:subfield>
         <marc:subfield code="e">New York, NY  10028</marc:subfield>
      </marc:datafield>
   </record>