
  
  
  
  
  
  
 
  
  <record xsi:schemaLocation="http://www.loc.gov/MARC21/slim http://www.loc.gov/standards/marcxml/schema/MARC21slim.xsd">
      <leader>00000nam a22      i 4500</leader>
      <controlfield tag="FMT">BK</controlfield>
      <controlfield tag="LDR">00000nam a22      i 4500</controlfield>
      <controlfield tag="001">004171314</controlfield>
      <controlfield tag="005">20150828100539.0</controlfield>
      <controlfield tag="008">150828t20122012pl a          000 0 pol d</controlfield>
      <datafield tag="040" ind1=" " ind2=" ">
         <subfield code="a">NNU</subfield>
         <subfield code="b">eng</subfield>
         <subfield code="e">rda</subfield>
         <subfield code="c">NNU</subfield>
      </datafield>
      <datafield tag="041" ind1="0" ind2=" ">
         <subfield code="a">pol</subfield>
         <subfield code="a">eng</subfield>
         <subfield code="a">fre</subfield>
         <subfield code="a">ger</subfield>
         <subfield code="a">grc</subfield>
         <subfield code="b">eng</subfield>
         <subfield code="h">pol</subfield>
         <subfield code="h">grc</subfield>
      </datafield>
      <datafield tag="050" ind1=" " ind2="4">
         <subfield code="a">PA85</subfield>
         <subfield code="b">.M54 2012</subfield>
      </datafield>
      <datafield tag="245" ind1="0" ind2="0">
         <subfield code="a">Uroczystość odnowienia doktoratu Profesora Józefa Mélèze Modrzejewskiego, Warszawa, 6 czerwca 2011 roku =</subfield>
         <subfield code="b">The ceremony of renewal of the doctorate of Prof. Józef Mélèze Modrzejewski, Warsaw, 6 June 2011 /</subfield>
         <subfield code="c">English translation by Jakub Urbanik in collaboration with Derek Scally and Giovanni Ruffini.</subfield>
      </datafield>
      <datafield tag="246" ind1="3" ind2="1">
         <subfield code="a">Ceremony of renewal of the doctorate of Prof. Józef Mélèze Modrzejewski, Warsaw, 6 June 2011</subfield>
      </datafield>
      <datafield tag="264" ind1=" " ind2="1">
         <subfield code="a">Warszawa :</subfield>
         <subfield code="b">Biuro Promocji Uniwersytetu Warszawskiego,</subfield>
         <subfield code="c">[2012]</subfield>
      </datafield>
      <datafield tag="264" ind1=" " ind2="4">
         <subfield code="c">©2012</subfield>
      </datafield>
      <datafield tag="300" ind1=" " ind2=" ">
         <subfield code="a">58 pages :</subfield>
         <subfield code="b">color illustrations,</subfield>
         <subfield code="c">21 cm</subfield>
      </datafield>
      <datafield tag="336" ind1=" " ind2=" ">
         <subfield code="a">text</subfield>
         <subfield code="b">txt</subfield>
         <subfield code="2">rdacontent</subfield>
      </datafield>
      <datafield tag="337" ind1=" " ind2=" ">
         <subfield code="a">unmediated</subfield>
         <subfield code="b">n</subfield>
         <subfield code="2">rdamedia</subfield>
      </datafield>
      <datafield tag="338" ind1=" " ind2=" ">
         <subfield code="a">volume</subfield>
         <subfield code="b">nc</subfield>
         <subfield code="2">rdacarrier</subfield>
      </datafield>
      <datafield tag="500" ind1=" " ind2=" ">
         <subfield code="a">Texts in Polish, English, French, or German; one text in ancient Greek with Polish and English translations.</subfield>
      </datafield>
      <datafield tag="505" ind1="0" ind2="0">
         <subfield code="t">Uchwała nr 364 senatu Uniwersyetetu Warszawskiego =</subfield>
         <subfield code="t">Resolution nr 364 of the senate of the University of Warsaw --</subfield>
         <subfield code="t">A review of the scientific work of Prof. Józef Mélèze Modrzejewski in the procedure of the renewal of his doctorate /</subfield>
         <subfield code="r">Roger S. Bagnall --</subfield>
         <subfield code="t">A review of the scientific work of Prof. Józef Mélèze Modrzejewski in the procedure of the renewal of his doctorate /</subfield>
         <subfield code="r">Eva Cantarella --</subfield>
         <subfield code="t">A review of the scientific work of Prof. Józef Mélèze Modrzejewski in the procedure of the renewal of his doctorate /</subfield>
         <subfield code="r">Hans Albert Rupprecht --</subfield>
         <subfield code="t">Laudacja =</subfield>
         <subfield code="t">Encomium /</subfield>
         <subfield code="r">Włodzimierz Lengauer --</subfield>
         <subfield code="t">Przemówienie dziekan wydziału historycznego =</subfield>
         <subfield code="t">The speech of the dean of the faculty of history =</subfield>
         <subfield code="r">Elżbiety Barbary Zybert --</subfield>
         <subfield code="t">Pochwała papirologii =</subfield>
         <subfield code="t">Encomium papryolgoiae /</subfield>
         <subfield code="r">Józef Mélèze Modrzejewskiego --</subfield>
         <subfield code="g">Appendix :</subfield>
         <subfield code="t">Sprzedaż niewoników i wynajem mamki (P. Polit. Iud. 9), 20 czerwca 132 p.n.e. =</subfield>
         <subfield code="t">A sale of slaves and a hire of a wet-nurse (P. Polit. Iud. 9), 20 June 132 B.C.</subfield>
      </datafield>
      <datafield tag="600" ind1="1" ind2="0">
         <subfield code="a">Modrzejewski, Joseph.</subfield>
      </datafield>
      <datafield tag="650" ind1=" " ind2="0">
         <subfield code="a">Historians</subfield>
         <subfield code="z">France.</subfield>
      </datafield>
      <datafield tag="700" ind1="1" ind2=" ">
         <subfield code="a">Urbanik, Jakub,</subfield>
         <subfield code="e">translator.</subfield>
      </datafield>
      <datafield tag="700" ind1="1" ind2=" ">
         <subfield code="a">Scally, Derek,</subfield>
         <subfield code="e">translator.</subfield>
      </datafield>
      <datafield tag="700" ind1="1" ind2=" ">
         <subfield code="a">Ruffini, Giovanni,</subfield>
         <subfield code="d">1974-</subfield>
         <subfield code="e">translator.</subfield>
      </datafield>
      <datafield tag="710" ind1="2" ind2=" ">
         <subfield code="a">Uniwersytet Warszawski.</subfield>
      </datafield>
      <datafield tag="OWN" ind1=" " ind2=" ">
         <subfield code="a">GENERAL</subfield>
      </datafield>
      <datafield tag="AVA" ind1=" " ind2=" ">
         <subfield code="a">NYU50</subfield>
         <subfield code="b">NISAW</subfield>
         <subfield code="c">Small Collection</subfield>
         <subfield code="d">PA85 .M54 2012</subfield>
         <subfield code="e">available</subfield>
         <subfield code="t">Available</subfield>
         <subfield code="f">1</subfield>
         <subfield code="g">0</subfield>
         <subfield code="h">N</subfield>
         <subfield code="i">0</subfield>
         <subfield code="j">SMALL</subfield>
         <subfield code="k">0</subfield>
      </datafield>
      <marc:datafield tag="852" ind1=" " ind2=" ">
         <marc:subfield code="b">Institute for the Study of the Ancient World, </marc:subfield>
         <marc:subfield code="c">Small Collection</marc:subfield>
         <marc:subfield code="e">15 East 84th St., </marc:subfield>
         <marc:subfield code="e">New York, NY  10028</marc:subfield>
      </marc:datafield>
   </record>