
  
  
  
  
  
 
  
  <record xsi:schemaLocation="http://www.loc.gov/MARC21/slim http://www.loc.gov/standards/marcxml/schema/MARC21slim.xsd">
      <leader>00000cam  2200589 i 4500</leader>
      <controlfield tag="FMT">BK</controlfield>
      <controlfield tag="LDR">00000cam  2200589 i 4500</controlfield>
      <controlfield tag="001">004171322</controlfield>
      <controlfield tag="003">OCoLC</controlfield>
      <controlfield tag="005">20150828103950.0</controlfield>
      <controlfield tag="008">150828t20112011pl abe   b    010 0 eng c</controlfield>
      <datafield tag="010" ind1=" " ind2=" ">
         <subfield code="a">2013489328</subfield>
      </datafield>
      <datafield tag="020" ind1=" " ind2=" ">
         <subfield code="a">9788371817212</subfield>
      </datafield>
      <datafield tag="020" ind1=" " ind2=" ">
         <subfield code="a">8371817215</subfield>
      </datafield>
      <datafield tag="035" ind1=" " ind2=" ">
         <subfield code="a">(OCoLC)808733063</subfield>
      </datafield>
      <datafield tag="040" ind1=" " ind2=" ">
         <subfield code="a">ZCU</subfield>
         <subfield code="b">eng</subfield>
         <subfield code="e">rda</subfield>
         <subfield code="c">ZCU</subfield>
         <subfield code="d">OCLCQ</subfield>
         <subfield code="d">DLC</subfield>
         <subfield code="d">OCLCA</subfield>
         <subfield code="d">HEBIS</subfield>
         <subfield code="d">OCLCF</subfield>
         <subfield code="d">OCLCQ</subfield>
         <subfield code="d">OCLCO</subfield>
         <subfield code="d">NNU</subfield>
      </datafield>
      <datafield tag="041" ind1="0" ind2=" ">
         <subfield code="a">eng</subfield>
         <subfield code="a">fre</subfield>
         <subfield code="a">ita</subfield>
         <subfield code="a">pol</subfield>
      </datafield>
      <datafield tag="042" ind1=" " ind2=" ">
         <subfield code="a">pcc</subfield>
      </datafield>
      <datafield tag="043" ind1=" " ind2=" ">
         <subfield code="a">mm-----</subfield>
      </datafield>
      <datafield tag="050" ind1=" " ind2="4">
         <subfield code="a">DE60</subfield>
         <subfield code="b">.C527 2011</subfield>
      </datafield>
      <datafield tag="084" ind1=" " ind2=" ">
         <subfield code="a">6,11</subfield>
         <subfield code="2">ssgn</subfield>
      </datafield>
      <datafield tag="245" ind1="0" ind2="0">
         <subfield code="a">Classica orientalia :</subfield>
         <subfield code="b">essays presented to Wiktor Andrzej Daszewski on his 75th birthday /</subfield>
         <subfield code="c">editors, Henryk Meyza, Iwona Zych.</subfield>
      </datafield>
      <datafield tag="264" ind1=" " ind2="1">
         <subfield code="a">Warsaw :</subfield>
         <subfield code="b">Polish Centre of Mediterranean Archeology, University of Warsaw :</subfield>
         <subfield code="b">Wydawnictwo DiG,</subfield>
         <subfield code="c">[2011]</subfield>
      </datafield>
      <datafield tag="264" ind1=" " ind2="4">
         <subfield code="c">©2011</subfield>
      </datafield>
      <datafield tag="300" ind1=" " ind2=" ">
         <subfield code="a">459 pages :</subfield>
         <subfield code="b">illustrations (some color), maps, plans ;</subfield>
         <subfield code="c">24 cm</subfield>
      </datafield>
      <datafield tag="336" ind1=" " ind2=" ">
         <subfield code="a">text</subfield>
         <subfield code="b">txt</subfield>
         <subfield code="2">rdacontent</subfield>
      </datafield>
      <datafield tag="337" ind1=" " ind2=" ">
         <subfield code="a">unmediated</subfield>
         <subfield code="b">n</subfield>
         <subfield code="2">rdamedia</subfield>
      </datafield>
      <datafield tag="338" ind1=" " ind2=" ">
         <subfield code="a">volume</subfield>
         <subfield code="b">nc</subfield>
         <subfield code="2">rdacarrier</subfield>
      </datafield>
      <datafield tag="505" ind1="0" ind2="0">
         <subfield code="t">Interprétation de la lettre ταῦ sur le vêtement du Christ et du geste de l’ogdoade sur la mosaïque absidiale de l’église Santa Pudenziana à Rome /</subfield>
         <subfield code="r">Krzysztof Babraj --</subfield>
         <subfield code="t">Le rinceau d’acanthe à fond noir dans la mosaïque syrienne : l’exemple de Mariamin /</subfield>
         <subfield code="r">Janine Balty --</subfield>
         <subfield code="t">Une "nouvelle" dédicace apaméenne à Cn. Marcius Rustius Rufinus /</subfield>
         <subfield code="r">Jean-Charles Balty --</subfield>
         <subfield code="t">Aphrodite in Egypt : images of the goddess from Marina el-Alamein /</subfield>
         <subfield code="r">Grażyna Bąkowska-Czerner --</subfield>
         <subfield code="t">Un gruppo scultoreo da Dendera al Museo del Cairo : due fanciulli divini e i due luminari /</subfield>
         <subfield code="r">Giuseppina Capriotti-Vittozzi --</subfield>
         <subfield code="t">The peristyle of House H1 in the ancient town at Marina el-Alamein /</subfield>
         <subfield code="r">Rafał Czerner --</subfield>
         <subfield code="t">Roman fine pottery from a cellar under oil-press E.I at Chhim (Lebanon) /</subfield>
         <subfield code="r">Krzysztof Domżalski --</subfield>
         <subfield code="t">From the history on ancient Rhizon/Risinium : Why the Illyrian King Agron and Queen Teuta came to a bad end and who was Ballaios? /</subfield>
         <subfield code="r">Piotr Dyczek --</subfield>
         <subfield code="t">New evidence of the aniconic iconography of Astarte-Aphrodite in Cyprus /</subfield>
         <subfield code="r">Pavlos Flourentzos --</subfield>
         <subfield code="t">Bagatelles épigraphiques /</subfield>
         <subfield code="r">Michał Gawlikowski --</subfield>
         <subfield code="t">Mosaic floor from the sanctuary of the EC.II cathedral in Dongola /</subfield>
         <subfield code="r">Włodzimierz Godlewski --</subfield>
         <subfield code="t">Roman ceramic thymiaterion from a Coptic hermitage in Thebes /</subfield>
         <subfield code="r">Tomasz Górecki --</subfield>
         <subfield code="t">Geophysi EC.II cs applied to the investigation of Graeco-Roman coastal towns west of Alexandria: the case of Marina el-Alamein /</subfield>
         <subfield code="r">Tomasz Herbich, Harald van der Osten, Iwona Zych --</subfield>
         <subfield code="t">Human remains from Marina el-Alamein /</subfield>
         <subfield code="r">Maria Kaczmarek --</subfield>
         <subfield code="t">Deux fragments de portraits funéraires romains de Deir el-Bahar /</subfield>
         <subfield code="r">Zsolt Kiss --</subfield>
      </datafield>
      <datafield tag="505" ind1="8" ind2="0">
         <subfield code="t">Zita, une ville oubliée de Tripolitaine /</subfield>
         <subfield code="r">Jerzy Kolendo --</subfield>
         <subfield code="t">Glass medallion in the shape of a lion’s head mask /</subfield>
         <subfield code="r">Renata Kucharczyk --</subfield>
         <subfield code="t">Delta–epsilon issues of Elagabalus and Severus Alexander /</subfield>
         <subfield code="r">Barbara Lichocka --</subfield>
         <subfield code="t">Head vases of the Magenta Group from Cyprus /</subfield>
         <subfield code="r">John Lund --</subfield>
         <subfield code="t">Divus Probus(?) in a fragmentary building(?) inscription in Latin found in Kato (Nea) Paphos, Cyprus /</subfield>
         <subfield code="r">Adam Łajtar --</subfield>
         <subfield code="t">A fish from the sea /</subfield>
         <subfield code="r">Adam Łukaszewicz --</subfield>
         <subfield code="t">The Cretan presence in Marina el-Alamein /</subfield>
         <subfield code="r">Grzegorz Majcherek, Iwona Zych --</subfield>
         <subfield code="t">Amask of 'ηγεμων θεράπων with ὄγκος(?) from Paphos /</subfield>
         <subfield code="r">Henryk Meyza --</subfield>
         <subfield code="t">L’acquis des fouilles de Tell Atrib pour la connaissance de l’époque ptolémaïque /</subfield>
         <subfield code="r">Karol Myśliwiec --</subfield>
         <subfield code="t">Najwcześniejsza polska wzmianka o sycylijskich antiquitates /</subfield>
         <subfield code="r">Janusz A. Ostrowski --</subfield>
         <subfield code="t">The contribution of Kraków archaeologists to excavating Nea Paphos, the ancient capital of Cyprus /</subfield>
         <subfield code="r">Ewdoksia Papuci-Władyka --</subfield>
         <subfield code="t">"Megarian" bowls from Tell Atrib /</subfield>
         <subfield code="r">Anna Południkiewicz --</subfield>
         <subfield code="t">Amphoras on Knidian amphoras /</subfield>
         <subfield code="r">Zofia Sztetyłło --</subfield>
         <subfield code="t">Two "armed" terracottas from Athribis /</subfield>
         <subfield code="r">Hanna Szymańska.</subfield>
      </datafield>
      <datafield tag="546" ind1=" " ind2=" ">
         <subfield code="a">Contributions in English, French, Italian, or Polish.</subfield>
      </datafield>
      <datafield tag="500" ind1=" " ind2=" ">
         <subfield code="a">"Wiktor Andrzej Daszewski list of publications": pages 31-42.</subfield>
      </datafield>
      <datafield tag="504" ind1=" " ind2=" ">
         <subfield code="a">Includes bibliographical references.</subfield>
      </datafield>
      <datafield tag="650" ind1=" " ind2="0">
         <subfield code="a">Classical antiquities.</subfield>
      </datafield>
      <datafield tag="650" ind1=" " ind2="0">
         <subfield code="a">Mosaics, Greco-Roman.</subfield>
      </datafield>
      <datafield tag="650" ind1=" " ind2="0">
         <subfield code="a">Idols and images.</subfield>
      </datafield>
      <datafield tag="650" ind1=" " ind2="0">
         <subfield code="a">Inscriptions, Ancient.</subfield>
      </datafield>
      <datafield tag="651" ind1=" " ind2="0">
         <subfield code="a">Mediterranean Region</subfield>
         <subfield code="x">Antiquities.</subfield>
      </datafield>
      <datafield tag="650" ind1=" " ind2="0">
         <subfield code="a">Excavations (Archaeology)</subfield>
         <subfield code="z">Mediterranean Region.</subfield>
      </datafield>
      <datafield tag="650" ind1=" " ind2="7">
         <subfield code="a">Antiquities.</subfield>
         <subfield code="2">fast</subfield>
         <subfield code="0">(OCoLC)fst00810745</subfield>
      </datafield>
      <datafield tag="650" ind1=" " ind2="7">
         <subfield code="a">Classical antiquities.</subfield>
         <subfield code="2">fast</subfield>
         <subfield code="0">(OCoLC)fst00863445</subfield>
      </datafield>
      <datafield tag="650" ind1=" " ind2="7">
         <subfield code="a">Idols and images.</subfield>
         <subfield code="2">fast</subfield>
         <subfield code="0">(OCoLC)fst00966949</subfield>
      </datafield>
      <datafield tag="650" ind1=" " ind2="7">
         <subfield code="a">Inscriptions, Ancient.</subfield>
         <subfield code="2">fast</subfield>
         <subfield code="0">(OCoLC)fst00973846</subfield>
      </datafield>
      <datafield tag="650" ind1=" " ind2="7">
         <subfield code="a">Mosaics, Greco-Roman.</subfield>
         <subfield code="2">fast</subfield>
         <subfield code="0">(OCoLC)fst01026708</subfield>
      </datafield>
      <datafield tag="651" ind1=" " ind2="7">
         <subfield code="a">Mediterranean Region.</subfield>
         <subfield code="2">fast</subfield>
         <subfield code="0">(OCoLC)fst01239752</subfield>
      </datafield>
      <datafield tag="700" ind1="1" ind2=" ">
         <subfield code="a">Daszewski, Wiktor Andrzej,</subfield>
         <subfield code="e">honoree.</subfield>
      </datafield>
      <datafield tag="700" ind1="1" ind2=" ">
         <subfield code="a">Meyza, Henryk,</subfield>
         <subfield code="e">editor.</subfield>
      </datafield>
      <datafield tag="700" ind1="1" ind2=" ">
         <subfield code="a">Zych, Iwona,</subfield>
         <subfield code="e">editor.</subfield>
      </datafield>
      <datafield tag="710" ind1="2" ind2=" ">
         <subfield code="a">Uniwersytet Warszawski.</subfield>
         <subfield code="b">Centrum Archeologii Śródziemnomorskiej im. Kazimierza Michałowskiego,</subfield>
         <subfield code="e">issuing body.</subfield>
      </datafield>
      <datafield tag="994" ind1=" " ind2=" ">
         <subfield code="a">Z0</subfield>
         <subfield code="b">ZYU</subfield>
      </datafield>
      <datafield tag="OWN" ind1=" " ind2=" ">
         <subfield code="a">GENERAL</subfield>
      </datafield>
      <datafield tag="AVA" ind1=" " ind2=" ">
         <subfield code="a">NYU50</subfield>
         <subfield code="b">NISAW</subfield>
         <subfield code="c">Small Collection</subfield>
         <subfield code="d">DE60 .C527 2011</subfield>
         <subfield code="e">available</subfield>
         <subfield code="t">Available</subfield>
         <subfield code="f">1</subfield>
         <subfield code="g">0</subfield>
         <subfield code="h">N</subfield>
         <subfield code="i">0</subfield>
         <subfield code="j">SMALL</subfield>
         <subfield code="k">0</subfield>
      </datafield>
      <marc:datafield tag="852" ind1=" " ind2=" ">
         <marc:subfield code="b">Institute for the Study of the Ancient World, </marc:subfield>
         <marc:subfield code="c">Small Collection</marc:subfield>
         <marc:subfield code="e">15 East 84th St., </marc:subfield>
         <marc:subfield code="e">New York, NY  10028</marc:subfield>
      </marc:datafield>
   </record>