
  
  
  
  
  
  
  
 
  
  <record xsi:schemaLocation="http://www.loc.gov/MARC21/slim http://www.loc.gov/standards/marcxml/schema/MARC21slim.xsd">
      <leader>00000cam a22      a 4500</leader>
      <controlfield tag="FMT">BK</controlfield>
      <controlfield tag="LDR">00000cam a22      a 4500</controlfield>
      <controlfield tag="001">004172220</controlfield>
      <controlfield tag="005">20150831101502.0</controlfield>
      <controlfield tag="008">150831s1950    is b          001 0 heb d</controlfield>
      <datafield tag="035" ind1=" " ind2=" ">
         <subfield code="a">(OCoLC)503679966</subfield>
      </datafield>
      <datafield tag="040" ind1=" " ind2=" ">
         <subfield code="a">YYP</subfield>
         <subfield code="c">YYP</subfield>
         <subfield code="d">OCLCF</subfield>
         <subfield code="d">OCLCO</subfield>
         <subfield code="d">NNU</subfield>
      </datafield>
      <datafield tag="043" ind1=" " ind2=" ">
         <subfield code="a">a-is---</subfield>
      </datafield>
      <datafield tag="050" ind1=" " ind2="4">
         <subfield code="a">G7500</subfield>
         <subfield code="b">.A95 1950</subfield>
      </datafield>
      <datafield tag="100" ind1="1" ind2=" ">
         <subfield code="a">Avi-Yonah, Michael,</subfield>
         <subfield code="d">1904-1974.</subfield>
      </datafield>
      <datafield tag="245" ind1="1" ind2="0">
         <subfield code="6">880-01</subfield>
         <subfield code="a">Erets-Yiśraʼel :</subfield>
         <subfield code="b">mapah /</subfield>
         <subfield code="c">ʻarukhah bi-yede Mikhaʼel Avi Yonah.</subfield>
      </datafield>
      <datafield tag="260" ind1=" " ind2=" ">
         <subfield code="6">880-02</subfield>
         <subfield code="a">Yerushalayim :</subfield>
         <subfield code="b">Hotsaʼat ha-sefarim shel ha-Sokhnut ha-Yehudit le-Erets Yiśraʼel,</subfield>
         <subfield code="c">[1950?]</subfield>
      </datafield>
      <datafield tag="300" ind1=" " ind2=" ">
         <subfield code="a">[12] p. ;</subfield>
         <subfield code="c">24 x 26 cm.</subfield>
      </datafield>
      <datafield tag="500" ind1=" " ind2=" ">
         <subfield code="6">880-03</subfield>
         <subfield code="a">1:350.000. Mapah giʼograʼfit be-ʻasarah tsevaʻim u-bishene dapim, ʻarukhah lefi matsav haʼarets kayom, be-tseruf mavoʼ geʼografi-hisṭori maḳif, miftaḥ ha-meḳorot ha-hisṭoriyim ʻim beʼurim, vu-rishimat kol ha-meḳomot ṿeha-ʻatsamim ha-geʼograʼfiyim ha-nirshamim ba-mapah."</subfield>
      </datafield>
      <datafield tag="500" ind1=" " ind2=" ">
         <subfield code="a">Cover title.</subfield>
      </datafield>
      <datafield tag="500" ind1=" " ind2=" ">
         <subfield code="a">2 folded maps inserted in pocket.</subfield>
      </datafield>
      <datafield tag="500" ind1=" " ind2=" ">
         <subfield code="a">ISAW copy is from the Library of Hayim and Miriam Tadmor.</subfield>
         <subfield code="5">NNU</subfield>
      </datafield>
      <datafield tag="651" ind1=" " ind2="0">
         <subfield code="a">Israel</subfield>
         <subfield code="v">Maps.</subfield>
      </datafield>
      <datafield tag="651" ind1=" " ind2="0">
         <subfield code="a">Israel</subfield>
         <subfield code="x">Historical geography</subfield>
         <subfield code="v">Maps.</subfield>
      </datafield>
      <datafield tag="796" ind1="1" ind2=" ">
         <subfield code="a">Tadmor, Hayim,</subfield>
         <subfield code="e">former owner.</subfield>
      </datafield>
      <datafield tag="796" ind1="1" ind2=" ">
         <subfield code="a">Tadmor, Miriam,</subfield>
         <subfield code="e">former owner.</subfield>
      </datafield>
      <datafield tag="797" ind1="2" ind2=" ">
         <subfield code="a">Tadmor Collection.</subfield>
      </datafield>
      <datafield tag="880" ind1="1" ind2="0">
         <subfield code="6">245-01/</subfield>
         <subfield code="a">ארץ-ישראל :</subfield>
         <subfield code="b">מפה /</subfield>
         <subfield code="c">ערוכה בידי מיכאל אבי יונה.</subfield>
      </datafield>
      <datafield tag="880" ind1=" " ind2=" ">
         <subfield code="6">260-02/</subfield>
         <subfield code="a">ירושלים :</subfield>
         <subfield code="b">הוצאת הספרים של הסוכנות היהודית לארץ־ישראל,</subfield>
         <subfield code="c">[?1950]</subfield>
      </datafield>
      <datafield tag="880" ind1=" " ind2=" ">
         <subfield code="6">500-03/</subfield>
         <subfield code="a">1:350.000 מפה גיאוגראפית בעשרה צבעים ובשני דפים, ערוכה לפי מצב הארץ כיום, בצירוף מבוא גיאוגרפי־היסטורי מקיף, מפתח המקורות ההיסטוריים עם ביאורים, ורשימת כל המקומות והעצמים הגאוגראפיים הנרשמים במפה.״</subfield>
      </datafield>
      <datafield tag="OWN" ind1=" " ind2=" ">
         <subfield code="a">GENERAL</subfield>
      </datafield>
      <datafield tag="AVA" ind1=" " ind2=" ">
         <subfield code="a">NYU50</subfield>
         <subfield code="b">NISAW</subfield>
         <subfield code="c">Oversize Collection</subfield>
         <subfield code="d">G7500 .A95 1950</subfield>
         <subfield code="e">available</subfield>
         <subfield code="t">Available</subfield>
         <subfield code="f">1</subfield>
         <subfield code="g">0</subfield>
         <subfield code="h">N</subfield>
         <subfield code="i">0</subfield>
         <subfield code="j">OVERZ</subfield>
         <subfield code="k">0</subfield>
      </datafield>
      <marc:datafield tag="852" ind1=" " ind2=" ">
         <marc:subfield code="b">Institute for the Study of the Ancient World, </marc:subfield>
         <marc:subfield code="c">Oversize Collection</marc:subfield>
         <marc:subfield code="e">15 East 84th St., </marc:subfield>
         <marc:subfield code="e">New York, NY  10028</marc:subfield>
      </marc:datafield>
   </record>